4618 5678
1137 296 1160 386 2

388 543 475 612 lntcr
504 547 694 612 recentiores
722 543 943 630 grammaticos
966 542 1164 612 chofrcdus
1187 545 1389 613 Hermannus
1416 545 1449 611 in
1471 543 1562 623 libro,
1593 547 1647 630 qni
1676 545 1859 613 inscribitur
1882 549 1929 614 De
1957 550 2060 635 ellipsi

238 655 270 714 et
295 647 487 732 pleonasmo,
518 672 590 716 cum
620 649 661 715 de
687 648 846 714 nonnullis
872 647 1040 714 schematis
1066 642 1138 714 clad
1166 650 1279 717 κοινοῦ
1307 649 1458 735 exemplis
1487 649 1673 733 disputaret,
1708 671 1902 735 quemquam
1932 656 2058 720 nomine

236 743 306 815 circi
329 753 442 818 κοινοῦ
463 773 537 818 usus
559 774 623 820 non
645 757 701 831 est,
723 758 830 817 tamen
852 750 953 835 ellipsi
979 753 1012 817 in
1039 753 1083 818 eis
1104 753 1209 820 locum
1230 774 1298 820 esse
1319 759 1405 818 recte
1426 754 1560 836 negavit
1605 755 1686 820 Item
1708 753 1935 842 Bernhardyus
1957 757 2058 842 (Synt.

236 855 311 941 ling.
334 855 389 924 Gr.
411 879 482 944 pag.
500 863 555 938 42)
582 858 623 924 de
648 857 807 923 rhetorica
832 875 915 938 quae
941 853 1056 921 dicitur
1083 856 1184 940 ellipsi
1209 855 1354 941 pluribus
1381 857 1452 940 egit
1497 857 1540 922 Et
1566 860 1664 924 secuti
1691 865 1766 924 suut
1793 859 1827 924 hi
1849 861 1976 944 quidem
1999 863 2056 928 viri

237 959 322 1026 docti
341 967 462 1028 veteres
484 961 716 1047 grammaticos,
748 961 802 1044 qui
824 981 896 1026 cum
917 959 1014 1025 verbo
1036 958 1168 1025 λείπειν
1188 961 1239 1027 vel
1257 954 1428 1025 ἐλλείπειν
1448 959 1638 1044 significasse
1660 962 1737 1028 satis
1759 961 1915 1030 habereut
1936 966 2057 1050 aliquid

237 1065 407 1130 omuissum
430 1086 505 1144 esse,
536 1085 600 1131 non
626 1063 783 1131 curabant
804 1062 891 1130 ahud
912 1084 979 1130 esse
1001 1084 1107 1130 vocem
1130 1085 1259 1149 pmrsus
1281 1065 1436 1142 omittere,
1467 1063 1555 1130 aliud
1577 1085 1646 1130 eam
1669 1087 1708 1130 ex
1729 1068 1832 1151 posita
1855 1089 1928 1134 ιοοε
1950 1070 2058 1136 animo

236 1167 444 1252 supplendam
473 1169 626 1234 omittere.
669 1168 758 1234 Vidit
789 1173 896 1232 autem
925 1166 986 1232 hcc
1008 1166 1222 1246 Mehlhornus,
1254 1167 1301 1232 ιιι
1330 1167 1535 1245 doctissimus,
1576 1188 1614 1233 ac
1644 1167 1746 1234 lucem
1777 1170 1885 1236 attulit
1910 1170 1983 1237 huic
2009 1175 2056 1240 rei

237 1272 410 1352 clariorem,
434 1295 505 1338 cum
523 1273 750 1357 programmati
766 1270 966 1356 Glogariensi
980 1292 1009 1336 a.
1028 1275 1109 1338 1833
1132 1270 1378 1356 disputationem
1400 1270 1525 1336 addidit
1546 1272 1741 1356 inscriptam:
1773 1273 1946 1340 Schematis
1968 1267 2056 1339 'And

236 1374 349 1441 κοινοῦ
373 1376 456 1441 ιιιιο
479 1382 512 1442 et
533 1397 608 1442 usus
630 1375 760 1460 quidam
781 1376 814 1440 iu
837 1376 961 1442 Graeca
989 1375 1107 1459 lingua.
1159 1374 1229 1441 Hac
1260 1374 1471 1460 disputatione
1502 1377 1701 1460 sagacissime
1733 1379 1893 1460 exagitata
1925 1379 1988 1444 vim
2003 1399 2056 1444 ac

235 1486 384 1546 naturam
414 1479 535 1563 figurae
565 1481 683 1565 optime
714 1480 903 1565 explicatam
932 1499 998 1544 esse
1029 1499 1136 1544 omnes
1165 1478 1240 1557 fere,
1270 1480 1324 1563 qui
1355 1479 1483 1563 quidem
1515 1480 1565 1544 isti
1594 1478 1701 1544 libello
1732 1499 1860 1563 operam
1892 1481 2056 1560 dederunt,

235 1585 294 1649 viri
327 1583 411 1650 docti
441 1585 645 1650 consentiunt.
702 1584 768 1650 Nec
798 1585 927 1667 impune
957 1581 1164 1666 neglexerunt
1193 1583 1362 1661 duumviri,
1395 1583 1450 1665 qui
1482 1582 1566 1648 hanc
1596 1605 1664 1648 rem
1695 1605 1797 1667 nuper
1831 1589 2057 1662 tractaverunt,

236 1707 318 1771 quae
349 1687 540 1754 disseruerat
569 1689 720 1774 magister
741 1687 964 1772 Glogavieusis.
1017 1686 1127 1770 Neque
1158 1687 1242 1752 enim
1265 1687 1418 1752 Emestus
1440 1685 1582 1764 Mueller,
1622 1687 1676 1770 qui
1712 1687 1779 1764 „De
1810 1687 1939 1771 figurae,
1974 1712 2058 1773 quae

236 1791 351 1856 dicitur
381 1782 473 1857 ’And
505 1793 634 1870 καινοῦ,
671 1813 731 1857 usu
764 1791 851 1876 apud
884 1791 1070 1856 Horatium“
1104 1791 1141 1855 ιιι
1170 1789 1389 1856 dissertatione
1426 1790 1605 1874 inaugurali
1639 1791 1768 1856 Halensi
1802 1813 1830 1856 a.
1866 1794 1960 1870 1862,
1998 1817 2057 1861 nec

235 1894 441 1974 Koldeweius,
471 1895 525 1979 qui
557 1895 596 1960 de
623 1895 717 1961 huius
743 1894 865 1978 figurae
894 1916 953 1960 usu
980 1894 1066 1979 apud
1088 1893 1248 1960 Catullum
1270 1893 1430 1960 Tibullum
1452 1895 1653 1980 Propertium
1675 1895 1843 1962 Horatium
1868 1895 2057 1984 (Zeitschrift

235 1999 257 2067 f.
280 1998 315 2064 G.
337 1999 386 2067 W.
408 1999 468 2065 vol.
491 2003 544 2079 21)
566 1999 699 2083 scripsit,
728 1997 768 2064 de
790 1997 980 2064 Mehlhomo
1009 2004 1163 2064 noverant
1192 1999 1252 2063 nisi
1281 2019 1395 2064 nomen
1426 2006 1541 2083 (neque
1570 1999 1631 2066 hoc
1661 1999 1790 2084 quidem
1821 2001 1928 2088 recte).
1974 2001 2056 2079 Quid

235 2103 321 2188 quod
343 2105 381 2170 iis
403 2103 526 2182 accidit,
555 2110 593 2168 ut
613 2102 691 2187 quid
711 2102 787 2169 velit
807 2101 886 2167 illud
908 2093 979 2166 αἰιι
1002 2101 1116 2167 κοινοῦ
1142 2109 1174 2168 et
1199 2124 1295 2186 quam
1317 2102 1382 2168 late
1403 2108 1521 2187 pateat,
1553 2125 1617 2170 non
1639 2103 1860 2178 intellexerint,
1891 2126 1962 2170 cum
1993 2127 2056 2170 uuo

235 2209 357 2294 figurae
390 2229 514 2292 genere,
551 2209 639 2274 ouius
673 2207 817 2291 exempla
849 2206 1102 2290 frequentissima
1134 2213 1209 2272 sunt
1240 2212 1273 2272 et
1304 2206 1455 2274 facillima
1488 2207 1531 2274 ad
1563 2207 1819 2292 intellegendum,
1856 2215 1956 2274 totam
1988 2231 2056 2275 rem

240 2314 393 2382 contineri
419 2313 479 2378 sibi
506 2313 727 2398 persuadeant.
761 2311 880 2378 Contra
906 2311 1046 2388 Kiihuer,
1080 2309 1134 2376 Gr.
1156 2309 1210 2375 Gr.
1234 2310 1266 2375 Il
1287 2332 1358 2395 pag.
1383 2314 1476 2391 1066,
1509 2313 1687 2379 accuratius
1709 2311 1897 2379 Mehlhoruo
1927 2321 2056 2380 auctore

234 2418 370 2504 figuram
400 2411 472 2481 οἷπιι
496 2415 609 2482 κοινοῦ
636 2417 683 2482 ita
713 2415 862 2500 explicat:
895 2415 953 2480 Die
984 2416 1115 2480 meisten
1137 2413 1226 2478 Fttlle
1248 2413 1305 2479 der
1327 2414 1534 2500 Brachylogie
1557 2416 1700 2482 beruhen
1723 2417 1782 2481 auf
1799 2414 1857 2481 der
1878 2417 2056 2502 Redefigur,

234 2522 352 2589 welche
383 2522 434 2588 die
464 2521 551 2586 alten
582 2519 818 2587 Grammatilrer
848 2511 920 2583 αἰιό
950 2519 1061 2583 κοινοῦ
1091 2538 1229 2594 neuneu,
1268 2517 1319 2583 die
1353 2517 1477 2584 iiberall
1512 2519 1555 2584 da
1589 2519 1779 2596 stattfiudet‚
1818 2542 1865 2584 ιιο
1898 2523 1948 2586 eiu
1980 2521 2060 2587 oder

234 2626 379 2692 mehrcre
400 2625 527 2690 Wb'rter
556 2645 636 2708 ganz
668 2623 744 2692 oder
770 2621 940 2689 theilweise
960 2623 993 2687 in
1016 2620 1180 2688 darselben
1203 2620 1280 2686 cdcr
1301 2622 1334 2686 iu
1356 2621 1443 2686 einer
1474 2622 1595 2687 andern
1619 2622 1714 2687 Fcrm
1743 2643 1800 2686 aus
1823 2622 1895 2686 dem
1917 2624 2057 2690 Vorher-
2116 2613 2119 2622 ’

236 2730 401 2816 gehenden
431 2728 509 2794 oder
530 2727 712 2812 Folgenden
743 2732 944 2792 entuommen
971 2725 1048 2792 oder
1074 2728 1205 2809 erg'anzt
1226 2722 1352 2790 werden
1374 2723 1507 2789 hbuneu.
1543 2763 1583 2772 —
1615 2723 1786 2789 Praeterea
1808 2721 1892 2786 hanc
1921 2723 2057 2805 figuram

237 2835 339 2902 obiter
371 2833 545 2918 tetigerunt
574 2831 628 2898 alii
649 2831 708 2897 viri
730 2831 824 2910 docti,
852 2851 989 2914 quorum
1016 2830 1143 2895 nomina
1165 2849 1221 2894 suo
1243 2828 1311 2894 loco
1334 2825 1508 2912 proferam
1530 2829 1597 2911 ipse
1619 2847 1703 2909 quae
1726 2824 1765 2890 de
1787 2845 1826 2889 ea
1848 2824 2055 2890 animadverti

233 2941 314 3008 haec
335 2943 421 3005 sunt:

387 3036 476 3109 ’And
500 3041 611 3106 κοινοῦ
632 3039 807 3124 suppletur,
830 3060 901 3104 cum
923 3059 985 3104 vox
1006 3037 1173 3121 quaedam,
1197 3057 1236 3102 ue
1258 3033 1307 3101 bis
1329 3034 1379 3101 vel
1401 3033 1526 3117 saepius
1546 3039 1685 3118 ponatur
1707 3031 1872 3108 omittitur,
1895 3031 1921 3095 si

392 3155 458 3215 ιι.
503 3145 631 3211 cadem
663 3142 829 3210 ciusdem
860 3143 961 3209 vocis
994 3142 1117 3208 forma
1147 3141 1198 3206 vel
1224 3139 1326 3224 posita
1354 3145 1402 3204 est
1427 3139 1477 3204 vel
1503 3137 1586 3204 infra
1613 3158 1683 3204 eam
1705 3137 1780 3221 poni
1802 3137 1835 3200 in
1858 3135 1963 3200 animo
1986 3131 2053 3198 fuit.

234 3253 330 3320 Velut
351 3252 541 3331 „Polhcetur
555 3251 590 3318 L.
605 3249 686 3326 Piso,
707 3268 775 3313 sese
795 3248 915 3313 iturum
938 3247 979 3313 ad
993 3245 1171 3324 Caesarem,
1193 3245 1268 3310 item
1283 3243 1320 3309 L.
1335 3243 1484 3308 Roscius“
1506 3242 1555 3307 vel
1577 3240 1670 3320 „Sese
1692 3242 1812 3306 iturum
1832 3238 1873 3304 ad
1888 3238 2054 3304 Gaesarem
2177 3295 2178 3298 ,

234 3359 270 3424 L.
291 3358 372 3436 Piso,
394 3359 469 3424 item
491 3357 527 3424 L.
549 3354 679 3421 Roscius
700 3352 896 3436 pollicetur“.

385 3460 415 3530 b.
447 3461 527 3527 alia
557 3457 743 3543 quaedam
773 3454 937 3522 eiusdem
967 3453 1050 3518 vocis
1079 3452 1191 3528 forma,
1225 3451 1275 3516 vel
1304 3471 1436 3516 numero
1465 3449 1514 3516 vel
1541 3471 1617 3516 casu
1638 3448 1688 3514 vel
1710 3465 1825 3530 genere
1848 3442 1897 3508 vel
1919 3461 2055 3526 persona

233 3567 366 3644 diversa,
397 3570 454 3631 eut
479 3561 651 3649 praecessit
679 3565 736 3626 aut
757 3559 907 3642 sequitur,
938 3557 1035 3622 veluti
1065 3555 1253 3634 „Universos
1282 3555 1316 3619 in
1347 3554 1495 3620 concione
1527 3553 1648 3632 laudat,
1682 3556 1777 3633 atque
1809 3547 1929 3631 gratias
1960 3546 2053 3630 agit“.

233 3669 302 3737 Hoc
324 3668 610 3784 frequentissimum
633 3684 740 3750 genus,
771 3662 857 3747 quod
879 3660 1032 3727 Rufianus
1061 3629 1102 3724 de
1131 3658 1245 3724 schem
1270 3657 1331 3725 lex.
1364 3657 1465 3741 (apud
1487 3656 1583 3722 Halm
1605 3655 1687 3721 rhet.
1710 3653 1787 3738 min)
1821 3652 2056 3735 conceptionem

234 3781 334 3854 vocat,
355 3781 431 3860 apte
452 3771 608 3838 nominari
629 3773 796 3854 potcst-
821 3765 1012 3850 Syllepsia.
1057 3764 1228 3846 Aliquanto
1251 3761 1361 3826 durius
1382 3780 1617 3843 nonnunquam.

306 3871 315 3906 ‘
385 3882 414 3944 2.
458 3897 522 3942 non
553 3874 664 3942 eadem
693 3891 775 3956 quac
805 3870 983 3955 praecessit,
1016 3868 1066 3934 vel
1096 3887 1178 3950 qnae
1209 3865 1361 3948 sequitur,
1395 3863 1451 3928 sed
1482 3862 1620 3927 similis
1652 3859 1841 3944 quaedam
1871 3855 2052 3939 sequitur

233 3982 368 4050 Veluti
358 4005 393 4048 ιιι
415 4002 506 4048 versu
520 3977 701 4044 Homerico:
727 3968 863 4054 ,ἔδουσι
884 3994 920 4037 ιε
943 3970 1044 4036 πίονα
1064 3959 1207 4059 μῆλα
1176 3957 1264 4032 aab
1285 3991 1305 4031 a
1304 3960 1461 4049 ἔξαιτον
1476 3987 1515 4032 ex
1529 3986 1605 4032 voce
1622 3958 1737 4030 ἔδουσι
1752 3962 1873 4030 facilius
1888 3957 2053 4042 suppletur

233 4087 344 4154 similis
372 4086 459 4152 notio
486 4082 632 4160 πίνουσι,
664 4078 744 4145 vel
734 4101 770 4144 m
792 4078 956 4144 enuntiato
978 4075 1188 4155 „Macedones
1209 4072 1426 4139 Alexandrum
1448 4090 1512 4135 nou
1535 4076 1573 4135 ut
1593 4069 1701 4146 civem,
1733 4088 1845 4134 rerum
1871 4069 1908 4128 ut
1894 4062 2001 4127 htost
1987 4066 2052 4126 tem

232 4194 381 4260 amissum
411 4185 621 4274 gaudebant.
580 4191 612 4250 t“
672 4185 711 4249 Iu
741 4183 846 4267 priore
877 4179 1019 4246 membro
1050 4177 1227 4264 supplenda
1260 4197 1326 4242 csse
1356 4174 1455 4241 verba
1484 4177 1653 4254 „amissum
1680 4172 1851 4258 lugebant“
1873 4187 1965 4233 nemo
1987 4185 2051 4230 nou

232 4295 325 4374 videt,
347 4293 416 4372 Quo
438 4289 562 4358 dicendi
584 4308 699 4372 genere
722 4309 792 4352 cum
814 4285 891 4352 bina
918 4285 1138 4351 enuntiatam
1160 4304 1259 4349 unum
1286 4279 1479 4346 contrahant
1465 4285 1526 4358 t‚ur
1557 4279 1639 4346 benc
1666 4276 1925 4361 excogitaverunt
1945 4291 2052 4354 gram
2057 4313 2058 4316 ,

229 4399 357 4482 maticit
364 4396 478 4464 Graeci
520 4412 634 4459 nomen
669 4390 793 4474 ζεῦγμα
825 4389 875 4455 vel
905 4383 1156 4472 ἐπεζειγμένον,
1201 4385 1335 4453 Romani
1370 4383 1532 4468 adjunctio
1561 4383 1687 4473 (Cernit
1672 4381 1753 4447 flv
1781 4381 1834 4452 27)
1871 4374 1921 4440 vel
1953 4394 2051 4439 uerus

231 4505 341 4588 (carm.
366 4501 406 4568 de
428 4499 480 4585 fig.
503 4495 590 4583 apud
610 4495 708 4562 Halm
728 4493 808 4560 rhet
831 4493 888 4560 lat.
910 4515 982 4579 pag.
998 4491 1133 4577 69).-
1165 4491 1249 4557 Illud
1280 4510 1354 4556 vero
1385 4510 1449 4554 non
1479 4487 1708 4573 neglegendum
1735 4488 1791 4561 est,
1824 4471 2004 4564 figuram'
1982 4474 2052 4542 οπό

232 4629 340 4672 aaaron
325 4605 458 4670 latius
478 4608 589 4690 patere
611 4620 707 4684 quam
737 4619 820 4682 quae
846 4617 980 4680 zeugma
1000 4599 1140 4672 vocatur,
1172 4593 1211 4660 cf.
1234 4591 1366 4672 (herber,
1399 4593 1457 4659 Die
1479 4592 1620 4678 Sprache
1642 4591 1690 4657 als
1711 4585 1863 4654 Kunstl.
1885 4606 1916 4668 p
1933 4589 1998 4650 504
2019 4587 2058 4646 et·

229 4709 410 4777 Volkmann
432 4705 596 4774 Rhetorih.
617 4727 647 4789 p.
665 4709 736 4770 405.
792 4701 862 4780 Qua
892 4701 932 4767 de
958 4721 993 4766 re
1016 4705 1053 4764 ut
1074 4717 1220 4764 moneam
1242 4717 1280 4763 ao
1301 4697 1402 4780 magis
1424 4697 1668 4780 adduamque
1690 4691 1816 4776 saepius
1838 4684 2052 4774 grammaticis

230 4814 353 4891 accidit,
374 4817 411 4878 nt
432 4817 602 4894 utrumque
625 4827 723 4893 genus
746 4806 870 4873 dicandi
893 4802 1129 4872 confunderent
1172 4797 1255 4876 Quid
1282 4799 1368 4883 quod
1394 4799 1491 4867 iidem
1512 4800 1694 4884 saepissime
1715 4795 1885 4881 syllepsecs
1907 4789 2053 4874 exempla

229 4919 276 4985 ita
290 4915 517 5003 expedivcrtmt
529 4920 567 4979 ut
580 4933 712 4997 zeugma
733 4909 861 4978 subesse
883 4906 1111 4978 contenderent
1129 4905 1256 4988 ahaque
1274 4904 1386 4982 multa,
1408 4925 1491 4987 quae
1509 4905 1552 4972 ad
1566 4903 1754 4970 brevitatem
1769 4897 1895 4965 dicendi
1909 4898 2059 4981 spectant-
