4618 5678
291 558 331 630 at
351 557 387 650 μ’
410 556 482 638 ε’ίας
503 559 681 646 μάχεσθαι
703 597 746 610 -
768 553 859 644 ὄναρ
881 549 1022 641 οὐτάμεν
1043 559 1111 626 κτλ.
1147 558 1217 624 Ηοο
1232 563 1338 624 autem
1354 579 1417 624 non
1432 556 1510 636 fieri,
1532 557 1592 622 nisi
1607 577 1740 640 sequens
1755 558 1845 625 colon
1859 581 1918 644 per
1931 561 2121 646 particulam

291 674 350 734 aut
372 666 604 736 adversativam
626 671 684 730 aut
705 663 924 730 disiunctivam
947 667 1004 726 aut
1024 663 1205 745 negativam
1227 683 1298 728 cum
1318 681 1504 745 praegresso
1524 661 1725 727 coniunctum
1739 664 1788 741 sit,
1810 661 2014 731 Hermannus
2029 666 2120 732 evicit

290 771 333 838 ad
355 771 450 856 Soph.
473 768 548 836 Ocd.
573 768 609 835 a
635 771 708 835 817.
751 767 800 831 Ex
822 766 937 831 nostris
960 772 1067 832 antem
1089 767 1190 850 poetis
1213 767 1289 832 satis
1311 763 1438 831 habebo
1460 764 1611 842 attulisse,
1634 786 1717 848 quae
1739 765 1802 832 huc
1823 769 1997 851 pertinent:

564 871 632 938 Cat.
657 876 698 938 67
713 872 752 937 ¹⁶.
796 869 869 934 Non
890 869 972 934 istuc
994 871 1071 936 satis
1094 875 1149 949 est,
1171 891 1235 936 uno
1258 876 1290 936 te
1313 869 1418 935 dicere
1440 866 1547 946 verbo,

798 972 861 1040 Sed
883 971 998 1052 iacere,
1020 980 1057 1040 ut
1079 976 1179 1059 quivis
1201 975 1318 1040 sentiat
1340 981 1373 1039 et
1394 973 1500 1040 videat
1521 977 1579 1038 etc.

292 1083 341 1148 Ex
363 1081 510 1165 negativo
531 1077 629 1144 verbo
650 1098 733 1156 „non
755 1078 831 1142 satis
854 1081 921 1144 est“
943 1076 1193 1162 depromendum
1216 1080 1320 1144 omisit
1346 1085 1443 1163 poeta
1469 1077 1638 1163 positivum
1659 1077 1690 1141 vi
1716 1077 1909 1142 necessitatis
1929 1078 2120 1162 praeditum.

441 1184 491 1248 Ex
513 1175 678 1266 Propertio
700 1202 764 1248 non
786 1179 899 1260 habeo,
922 1203 1004 1264 quae
1025 1181 1157 1248 afferam
1180 1183 1333 1266 exempla
1379 1180 1467 1259 Quae
1490 1186 1597 1246 autem
1617 1179 1829 1266 Herzbergius
1851 1180 1875 1262 l,
1896 1203 1966 1266 pag.
1988 1185 2045 1248 131
2071 1203 2117 1266 sq.

290 1292 323 1356 in
345 1291 408 1354 hcc
426 1287 599 1372 zeugmatis
621 1305 737 1368 genere
758 1291 915 1363 numerat,
938 1291 995 1351 aut
1017 1293 1177 1370 corrupta,
1198 1286 1285 1352 velut
1307 1285 1474 1351 lacunosae
1496 1285 1549 1349 ille
1571 1283 1658 1350 locus
1679 1283 1724 1348 IV
1747 1287 1788 1347 22
1803 1285 1912 1363 ⁸⁶⁴⁸,
1934 1290 1991 1351 aut
2012 1286 2118 1370 aptius

292 1416 331 1460 ax
353 1390 564 1476 sequentibus,
587 1410 684 1473 quam
706 1410 746 1454 ex
766 1389 959 1473 praegressis
982 1389 1171 1474 explicanda
1192 1395 1275 1466 sunt,
1299 1389 1384 1454 velut
1405 1388 1434 1452 V
1457 1390 1529 1454 6⁸³.

443 1495 593 1578 Sequitur
615 1493 884 1559 substantivorum
908 1515 947 1560 ex
969 1495 1161 1578 praegressis
1183 1492 1429 1577 repetendorum
1451 1513 1539 1556 usus:
1563 1513 1626 1574 quo
1652 1492 1722 1558 loco
1749 1513 1813 1558 non
1841 1493 1943 1558 minus
1965 1513 2062 1576 quam
2083 1493 2116 1557 in

294 1601 401 1684 priore
426 1598 584 1683 particula
611 1617 721 1662 eorum
748 1617 896 1662 versuum
922 1597 1164 1676 multitudinem,
1192 1599 1226 1662 in
1252 1597 1367 1681 quibus
1393 1594 1591 1661 substantiva
1618 1617 1657 1660 ex
1679 1596 1802 1680 vulgari
1829 1617 1941 1662 norma
1967 1595 2116 1662 facillime

297 1703 492 1789 supplentur,
517 1701 724 1786 praetermisi.
774 1699 939 1765 Pertinent
959 1699 1022 1766 huc
1043 1703 1065 1766 ii
1092 1723 1208 1779 versus,
1238 1702 1271 1766 in
1298 1700 1414 1784 quibus
1440 1699 1616 1765 subiectum
1641 1698 1846 1765 secundariae
1872 1701 2045 1765 sententiae
2077 1721 2116 1766 ex

294 1807 447 1892 primaria
469 1804 677 1871 derivandum
700 1809 755 1881 est,
788 1825 860 1869 cum
885 1805 919 1868 in
947 1825 985 1869 ea
1007 1826 1070 1870 non
1093 1803 1234 1882 subiecti,
1257 1804 1313 1870 sed
1340 1804 1454 1870 obiecti
1480 1809 1588 1888 partes
1610 1810 1728 1887 egerat,
1755 1801 1791 1868 cf.
1816 1802 2015 1889 Bernhardyi
2037 1803 2117 1890 Synt

293 1911 346 1977 Gr.
367 1933 398 1994 p.
421 1914 494 1988 467,
517 1909 593 1974 item
617 1909 649 1989 ii,
678 1906 848 1990 inquibus
872 1909 1036 1973 enuntiata
1057 1909 1254 1992 paratactica
1276 1908 1390 1974 eodum
1418 1907 1559 1974 subiecto
1588 1913 1743 1991 reguntur
1772 1912 1829 1973 aut
1849 1907 1935 1973 idem
1957 1907 2114 1974 obiectum

291 2020 407 2097 regunt
437 2013 475 2078 cf.
502 2010 678 2076 Bernhard.
702 2010 722 2076 l.
745 2011 765 2076 l.
787 2032 818 2095 p.
842 2016 928 2092 350,
947 2010 1044 2076 veluti
1075 2033 1146 2088 cum
1177 2011 1264 2094 apud
1295 2011 1455 2076 Catullum
1486 2017 1553 2078 toto
1586 2013 1724 2078 carmine
1748 2014 1788 2077 69
1820 2011 1860 2078 de
1891 2012 2004 2096 puellis
2034 2012 2115 2079 hirci

289 2139 307 2183 ο
342 2116 432 2183 ribus
462 2119 585 2198 agatur,
616 2114 696 2178 nihil
724 2113 865 2198 impedit,
897 2115 974 2196 quin
1006 2115 1070 2180 sive
1092 2135 1132 2181 ex
1153 2117 1255 2199 primo
1277 2135 1370 2180 versu
1392 2114 1530 2193 „femina
1551 2114 1658 2182 nulla“
1680 2115 1789 2181 velex
1810 2116 1942 2200 septimo
1968 2124 2115 2194 ‚,0mnes“

291 2138 342 2287 vd
364 2241 404 2286 ex
425 2223 536 2284 octavo
557 2215 662 2299 „bella
684 2218 811 2301 puella“
834 2217 1056 2302 depromamus
1076 2219 1251 2285 subiectum
1272 2240 1335 2303 quo
1356 2225 1444 2285 caret
1463 2218 1592 2284 ultimus
1608 2240 1715 2284 versus
1737 2224 1812 2298 „aut
1834 2218 1985 2285 admirari
2007 2220 2114 2286 desine

291 2347 348 2392 cur
370 2324 523 2406 fugiunt“.
565 2322 608 2386 At
629 2323 662 2386 in
684 2321 793 2406 figuris
816 2322 998 2389 habendum
1022 2329 1078 2402 est,
1109 2345 1181 2389 cum
1209 2330 1265 2388 aut
1293 2322 1514 2389 secundarium
1537 2343 1576 2387 ex
1598 2321 1764 2406 principali
1786 2328 1842 2388 aut
1863 2323 1999 2388 alterum
2022 2323 2113 2390 colon

290 2449 330 2494 ex
352 2427 454 2492 altero
476 2426 670 2511 parataotics
692 2427 795 2510 posito
817 2425 927 2492 durius
948 2426 1114 2511 suppletur
1136 2433 1193 2492 aut
1213 2427 1337 2511 longius
1359 2425 1533 2511 repetenda
1555 2432 1603 2490 est
1624 2427 1739 2492 omissa
1758 2447 1828 2492 vox.
1872 2425 1960 2492 Haec
1985 2427 2113 2510 quidem

287 2528 427 2596 breviter
457 2530 607 2613 loquendi
637 2531 720 2595 ratio
750 2529 793 2596 ad
821 2530 970 2614 syllepsin
1001 2532 1161 2615 aptissime
1191 2530 1341 2611 refertur,
1373 2537 1485 2597 contra
1514 2531 1541 2594 si
1572 2550 1636 2595 non
1667 2529 1793 2608 eadam,
1828 2531 1883 2596 sed
1914 2531 2022 2596 similis
2053 2553 2114 2598 vox

288 2631 474 2699 obversatur
488 2637 602 2718 poetae
617 2633 723 2699 animo
737 2633 910 2718 lectorique
926 2641 974 2700 est
987 2632 1269 2718 subintellegenda,
1289 2657 1356 2701 rem
1371 2636 1501 2720 propius
1517 2634 1559 2700 ad
1573 2655 1706 2718 zeugma
1721 2634 1871 2700 accedere
1887 2634 2111 2701 contenderim.

441 2736 654 2803 Secundariae
676 2738 851 2802 sententiaa
874 2738 1050 2804 subiectum
1073 2738 1182 2804 durius
1204 2738 1370 2823 suppletur
1392 2761 1431 2804 ex
1453 2739 1597 2822 genetivo
1618 2739 1801 2823 principalis
1823 2741 2009 2805 sententiae:

584 2838 653 2909 Cat.
677 2843 743 2906 17⁸
787 2841 914 2926 Vereris
941 2843 1050 2926 inepta
1077 2863 1172 2908 crura
1198 2842 1351 2926 ponticuli
1379 2842 1491 2908 assulis
1520 2843 1632 2908 stantis
1662 2843 1696 2908 iu
1717 2837 1868 2908 redivivis.

790 2944 838 3011 Ne
860 2945 991 3030 supinus
1013 2953 1066 3012 eat
1088 2967 1228 3029 cavaque
1249 2948 1282 3012 in
1305 2947 1422 3032 palude
1443 2946 1618 3014 recumbat.

282 3070 321 3114 sc
347 3048 536 3132 ponticulus.
1357 3067 1359 3072 ’

568 3151 637 3217 Cat
663 3157 704 3218 65
720 3155 749 3194 ²¹
794 3151 915 3217 Malum
938 3152 1023 3236 quod
1046 3154 1179 3219 miserae
1201 3152 1319 3220 oblitae
1341 3153 1428 3219 molli
1450 3154 1508 3220 sub
1532 3161 1617 3220 veste
1638 3154 1776 3220 locatum

788 3255 872 3321 Dum
896 3255 937 3321 sd
960 3263 1055 3323 ventu
1077 3257 1188 3322 matris
1209 3257 1341 3342 prosilit,
1364 3259 1531 3324 excutitur.

282 3356 412 3423 Prosilit
433 3358 548 3423 misera
571 3357 694 3442 (virgo).

433 3459 559 3526 Addam
581 3480 620 3526 ea
645 3460 790 3544 exempla
811 3461 973 3546 inquibus
996 3461 1183 3529 substantivi
1197 3464 1279 3529 vices
1300 3466 1486 3547 pronomine
1509 3466 1729 3550 suscipiuntur.
1766 3466 1812 3532 Ac
1825 3466 1963 3550 primunr
1978 3466 2107 3550 quidem

281 3563 366 3646 apud
389 3569 498 3647 poetas
521 3563 680 3630 Romanos
701 3585 816 3648 graeco
838 3588 926 3632 mors
954 3567 1057 3632 solum
1086 3566 1273 3632 infinitivum
1300 3589 1360 3651 pro
1383 3570 1560 3634 accusativo
1583 3591 1608 3635 c.
1631 3571 1686 3636 inf.
1709 3571 1889 3656 saepissime
1912 3569 2107 3656 deprehendi

280 3686 345 3731 non
368 3668 522 3752 estquod
544 3688 698 3734 moneam.
743 3668 835 3735 Talia
857 3669 1018 3754 leguntur:

576 3771 644 3840 Cat.
669 3777 706 3838 31
725 3775 737 3816 ⁶
781 3772 843 3838 Vix
865 3775 908 3839 mi
929 3775 996 3857 ipse
1019 3773 1159 3850 credens,
1182 3771 1337 3856 Thyniam
1360 3780 1456 3858 atque
1477 3775 1631 3861 Bithynos

784 3877 927 3961 Liquisse
950 3899 1077 3962 campos
1101 3885 1133 3943 et
1154 3876 1261 3943 videre
1283 3883 1315 3942 te
1336 3879 1370 3943 in
1392 3885 1470 3946 tuto.

431 3976 527 4042 Cuius
549 3981 681 4062 generis,
704 3987 741 4046 ut
761 3980 881 4048 leviora
903 3989 1111 4064 praeteream,
1135 4019 1177 4030 —
1199 3981 1295 4064 quale
1317 3989 1365 4047 est
1378 3982 1472 4067 Prop.
1487 3984 1519 4049 Il
1542 3989 1582 4051 32
1596 3986 1627 4028 ⁸⁸
1648 3983 1749 4051 Testis
1764 3985 1825 4050 eris
1839 4005 1946 4069 puras,
1967 3982 2105 4064 Phoebe,

278 4076 385 4144 videre
407 4100 520 4146 manus
536 4119 577 4132 -
600 4082 679 4149 haec
700 4084 862 4168 leguntur:
884 4084 1015 4170 Propl
1041 4088 1102 4150 1²⁸

665 4249 666 4254 ,
784 4186 873 4254 Tunc
895 4211 952 4273 ego
975 4189 1163 4256 crediderim
1185 4187 1275 4254 vobis
1299 4195 1331 4254 et
1352 4189 1457 4256 sidera
1478 4197 1511 4256 et
1532 4211 1640 4258 amnes

783 4289 877 4358 Posse
899 4293 1047 4377 Cytaines
1073 4292 1190 4358 ducere
1211 4292 1413 4360 carminibus.

280 4407 343 4469 quo
367 4389 436 4456 loco
461 4388 593 4456 dubiam
618 4411 681 4458 non
704 4399 760 4472 est,
783 4396 860 4478 quin
882 4396 1046 4479 aliquanto
1069 4394 1179 4460 durius
1201 4417 1240 4461 ex
1261 4418 1287 4461 v.
1305 4394 1393 4462 vobis
1415 4397 1627 4482 supplendum
1648 4401 1689 4464 sit
1710 4407 1810 4477 ,‚vos“.
1833 4397 1869 4464 cl.
1887 4395 2065 4484 Hertzberg
2087 4399 2103 4464 1

277 4511 348 4576 pag.
377 4498 446 4561 137.
469 4533 510 4543 -

427 4599 542 4668 Rarius
564 4601 597 4666 in
619 4601 821 4686 paratacticis
843 4601 1014 4668 enuntiatis
1035 4600 1210 4667 subiectum
1233 4602 1392 4686 sequentis
1414 4605 1589 4670 sententiae
1615 4603 1812 4688 depromitur
1833 4622 1873 4667 ex
1894 4601 2102 4682 substantivo,

278 4699 366 4766 cuius
389 4701 423 4766 in
443 4725 629 4788 praegressa
651 4703 733 4772 alius
755 4725 846 4772 casus
868 4711 979 4772 exstat
1024 4705 1116 4783 Quod
1136 4726 1236 4790 genus
1257 4725 1321 4788 quo
1344 4708 1444 4790 magis
1465 4706 1595 4774 Graecis
1617 4706 1733 4785 arrisit,
1755 4705 1809 4788 qui
1831 4705 1881 4772 rel
1907 4707 1939 4771 in
1961 4707 2102 4792 pedestri

277 4821 422 4870 sermone
438 4825 475 4872 eo
489 4809 670 4892 saepissima
685 4810 734 4875 usi
749 4814 832 4889 sunt,
854 4809 941 4876 velut
956 4809 1042 4893 apud
1056 4809 1231 4888 Platonem,
1253 4809 1381 4895 Protag.
1395 4832 1468 4896 pag.
1484 4810 1591 4877 320h.
1626 4807 1799 4897 Περικλῆς
1812 4845 1855 4858 -
1870 4809 2102 4895 καταθέμενος

275 4898 310 4969 ἒν
333 4898 529 4995 Ἀρίφρονος
549 4908 729 4978 ἐπαίδευεν
755 4911 815 4980 καί
841 4913 923 5002 πρίν
950 4911 986 4995 ἓξ
1014 4913 1120 5002 μῆνας
1140 4910 1321 4994 γενονέναι,
1343 4909 1524 4992 ἀπέδωκεν,
1547 4913 1603 4979 ubi
1625 4913 1848 4982 assumendum
1871 4921 1919 4982 est
1933 4909 2100 5002 Ἀρίφρων
