<?xml version="1.0" encoding="UTF-8"?>
<!DOCTYPE html PUBLIC "-//W3C//DTD XHTML 1.0 Transitional//EN"
    "http://www.w3.org/TR/xhtml1/DTD/xhtml1-transitional.dtd">
<html xmlns="http://www.w3.org/1999/xhtml" xml:lang="en" lang="en">
 <head>
  <title>
</title>
<meta http-equiv="Content-Type" content="text/html;charset=utf-8" />
  <meta name='ocr-system' content='tesseract 3.04.00' />
  <meta name='ocr-capabilities' content='ocr_page ocr_carea ocr_par ocr_line ocrx_word'/>
</head>
<body>
  <div class='ocr_page' id='page_1' title='image "./defiguraeapokoi00akengoog_0008.png"; bbox 0 0 4618 5678; ppageno 0'>
   <div class='ocr_carea' id='block_1_1' title="bbox 250 2489 2079 3040">
    <p class='ocr_par' dir='ltr' id='par_1_1' title="bbox 250 2489 2079 3040">
     <span class='ocr_line' id='line_1_1' title="bbox 401 2489 2075 2616; baseline -0.003 -17"><span class='ocrx_word' id='word_1_1' title='bbox 401 2489 462 2600; x_wconf 82' lang='lat' dir='ltr'><strong><em>Do</em></strong></span> <span class='ocrx_word' id='word_1_2' title='bbox 483 2531 594 2616; x_wconf 81' lang='lat' dir='ltr'><strong>figura,</strong></span> <span class='ocrx_word' id='word_1_3' title='bbox 624 2551 707 2615; x_wconf 88' lang='lat' dir='ltr'><strong>quaa</strong></span> <span class='ocrx_word' id='word_1_4' title='bbox 729 2529 843 2596; x_wconf 85' lang='lat' dir='ltr'><strong>dieitur</strong></span> <span class='ocrx_word' id='word_1_5' title='bbox 865 2521 936 2592; x_wconf 84' lang='grc' dir='ltr'><strong><em>άπδ</em></strong></span> <span class='ocrx_word' id='word_1_6' title='bbox 960 2529 1078 2609; x_wconf 81' lang='grc' dir='ltr'><strong><em>κοινοῦ,</em></strong></span> <span class='ocrx_word' id='word_1_7' title='bbox 1101 2551 1172 2596; x_wconf 87' lang='lat' dir='ltr'><strong><em>eum</em></strong></span> <span class='ocrx_word' id='word_1_8' title='bbox 1194 2529 1249 2596; x_wconf 88' lang='lat' dir='ltr'><strong>alii</strong></span> <span class='ocrx_word' id='word_1_9' title='bbox 1271 2529 1334 2596; x_wconf 87' lang='lat' dir='ltr'><strong>alia</strong></span> <span class='ocrx_word' id='word_1_10' title='bbox 1355 2529 1534 2608; x_wconf 69' lang='lat' dir='ltr'><strong>statuerint,</strong></span> <span class='ocrx_word' id='word_1_11' title='bbox 1555 2549 1596 2594; x_wconf 92' lang='lat' dir='ltr'><strong><em>ne</em></strong></span> <span class='ocrx_word' id='word_1_12' title='bbox 1622 2529 1750 2595; x_wconf 88' lang='lat' dir='ltr'><strong>nomine</strong></span> <span class='ocrx_word' id='word_1_13' title='bbox 1775 2549 1890 2613; x_wconf 87' lang='lat' dir='ltr'><strong>parum</strong></span> <span class='ocrx_word' id='word_1_14' title='bbox 1916 2526 2075 2594; x_wconf 80' lang='lat' dir='ltr'><strong>intellectu</strong></span> 
     </span>
     <span class='ocr_line' id='line_1_2' title="bbox 251 2640 2076 2726; baseline -0.004 -14"><span class='ocrx_word' id='word_1_15' title='bbox 251 2651 368 2712; x_wconf 86' lang='lat' dir='ltr'><strong>natura</strong></span> <span class='ocrx_word' id='word_1_16' title='bbox 389 2667 427 2711; x_wconf 87' lang='lat' dir='ltr'><strong><em>ae</em></strong></span> <span class='ocrx_word' id='word_1_17' title='bbox 448 2644 531 2710; x_wconf 88' lang='lat' dir='ltr'><strong>ratio</strong></span> <span class='ocrx_word' id='word_1_18' title='bbox 552 2644 599 2710; x_wconf 84' lang='lat' dir='ltr'><strong>rei</strong></span> <span class='ocrx_word' id='word_1_19' title='bbox 621 2643 724 2708; x_wconf 89' lang='lat' dir='ltr'><strong>minus</strong></span> <span class='ocrx_word' id='word_1_20' title='bbox 745 2641 963 2725; x_wconf 77' lang='lat' dir='ltr'><strong>perspiciatur,</strong></span> <span class='ocrx_word' id='word_1_21' title='bbox 985 2641 1032 2707; x_wconf 89' lang='lat' dir='ltr'><strong><em>ita</em></strong></span> <span class='ocrx_word' id='word_1_22' title='bbox 1053 2641 1130 2707; x_wconf 93' lang='lat' dir='ltr'><strong>mihi</strong></span> <span class='ocrx_word' id='word_1_23' title='bbox 1151 2641 1261 2708; x_wconf 82' lang='lat' dir='ltr'><strong>videor</strong></span> <span class='ocrx_word' id='word_1_24' title='bbox 1282 2641 1443 2726; x_wconf 84' lang='lat' dir='ltr'><strong>aptissime</strong></span> <span class='ocrx_word' id='word_1_25' title='bbox 1463 2661 1627 2725; x_wconf 86' lang='lat' dir='ltr'><strong>quaerere,</strong></span> <span class='ocrx_word' id='word_1_26' title='bbox 1646 2645 1683 2707; x_wconf 82' lang='lat' dir='ltr'><strong><em>ut</em></strong></span> <span class='ocrx_word' id='word_1_27' title='bbox 1701 2662 1722 2707; x_wconf 89' lang='lat' dir='ltr'><strong>a</strong></span> <span class='ocrx_word' id='word_1_28' title='bbox 1738 2645 1879 2706; x_wconf 84' lang='lat' dir='ltr'><strong>veterum</strong></span> <span class='ocrx_word' id='word_1_29' title='bbox 1892 2640 2076 2724; x_wconf 86' lang='lat' dir='ltr'><strong>grammati-</strong></span> 
     </span>
     <span class='ocr_line' id='line_1_3' title="bbox 251 2743 2077 2831; baseline -0.003 -15"><span class='ocrx_word' id='word_1_30' title='bbox 251 2769 360 2816; x_wconf 83' lang='lat' dir='ltr'><strong>corum</strong></span> <span class='ocrx_word' id='word_1_31' title='bbox 387 2747 427 2815; x_wconf 88' lang='lat' dir='ltr'><strong><em>de</em></strong></span> <span class='ocrx_word' id='word_1_32' title='bbox 450 2769 489 2814; x_wconf 89' lang='lat' dir='ltr'><strong><em>ea</em></strong></span> <span class='ocrx_word' id='word_1_33' title='bbox 509 2745 695 2813; x_wconf 82' lang='lat' dir='ltr'><strong>testimoniis</strong></span> <span class='ocrx_word' id='word_1_34' title='bbox 722 2743 913 2829; x_wconf 83' lang='lat' dir='ltr'><strong>proficiscar.</strong></span> <span class='ocrx_word' id='word_1_35' title='bbox 957 2745 1003 2810; x_wconf 84' lang='lat' dir='ltr'><strong><em>Ae</em></strong></span> <span class='ocrx_word' id='word_1_36' title='bbox 1024 2743 1271 2825; x_wconf 86' lang='lat' dir='ltr'><strong>Phuebammon,</strong></span> <span class='ocrx_word' id='word_1_37' title='bbox 1298 2744 1385 2830; x_wconf 86' lang='lat' dir='ltr'><strong><em>apud</em></strong></span> <span class='ocrx_word' id='word_1_38' title='bbox 1407 2744 1617 2831; x_wconf 81' lang='lat' dir='ltr'><strong>Spengelium</strong></span> <span class='ocrx_word' id='word_1_39' title='bbox 1644 2743 1737 2812; x_wconf 87' lang='lat' dir='ltr'><strong>Rhet</strong></span> <span class='ocrx_word' id='word_1_40' title='bbox 1758 2765 1805 2828; x_wconf 79' lang='lat' dir='ltr'><strong><em>gr.</em></strong></span> <span class='ocrx_word' id='word_1_41' title='bbox 1826 2743 1887 2811; x_wconf 82' lang='lat' dir='ltr'><strong><em>voi</em></strong></span> <span class='ocrx_word' id='word_1_42' title='bbox 1909 2743 1957 2809; x_wconf 89' lang='lat'><strong><em>111</em></strong></span> <span class='ocrx_word' id='word_1_43' title='bbox 1977 2765 2010 2828; x_wconf 91' lang='lat' dir='ltr'><strong><em>p.</em></strong></span> <span class='ocrx_word' id='word_1_44' title='bbox 2025 2747 2077 2821; x_wconf 88' lang='grc'><strong><em>43,</em></strong></span> 
     </span>
     <span class='ocr_line' id='line_1_4' title="bbox 251 2836 2077 2936; baseline -0.004 -16"><span class='ocrx_word' id='word_1_45' title='bbox 251 2854 339 2920; x_wconf 83' lang='lat' dir='ltr'><strong>dicit:</strong></span> <span class='ocrx_word' id='word_1_46' title='bbox 370 2845 452 2917; x_wconf 80' lang='grc' dir='ltr'><strong><em>Ἀσδ</em></strong></span> <span class='ocrx_word' id='word_1_47' title='bbox 480 2849 593 2916; x_wconf 80' lang='grc' dir='ltr'><strong><em>κοινοῦ</em></strong></span> <span class='ocrx_word' id='word_1_48' title='bbox 621 2847 656 2916; x_wconf 81' lang='grc' dir='ltr'><strong><em>δέ</em></strong></span> <span class='ocrx_word' id='word_1_49' title='bbox 683 2842 755 2915; x_wconf 88' lang='grc' dir='ltr'><strong><em>ε’στι</em></strong></span> <span class='ocrx_word' id='word_1_50' title='bbox 777 2845 876 2932; x_wconf 80' lang='grc' dir='ltr'><strong><em>λέξις,</em></strong></span> <span class='ocrx_word' id='word_1_51' title='bbox 909 2839 1005 2930; x_wconf 83' lang='grc' dir='ltr'><strong><em>άπαξ</em></strong></span> <span class='ocrx_word' id='word_1_52' title='bbox 1037 2847 1097 2930; x_wconf 79' lang='grc' dir='ltr'><strong><em>μὲν</em></strong></span> <span class='ocrx_word' id='word_1_53' title='bbox 1124 2846 1282 2936; x_wconf 75' lang='grc' dir='ltr'><strong><em>λεγομένη</em></strong></span> <span class='ocrx_word' id='word_1_54' title='bbox 1310 2836 1476 2925; x_wconf 74' lang='grc' dir='ltr'><strong><em>πολλάκις</em></strong></span> <span class='ocrx_word' id='word_1_55' title='bbox 1502 2842 1540 2914; x_wconf 80' lang='grc' dir='ltr'><strong><em>δὲ</em></strong></span> <span class='ocrx_word' id='word_1_56' title='bbox 1566 2846 1736 2934; x_wconf 76' lang='grc' dir='ltr'><strong><em>νοοομένρ.</em></strong></span> <span class='ocrx_word' id='word_1_57' title='bbox 1749 2847 1808 2914; x_wconf 85' lang='grc' dir='ltr'><strong><em>καὶ</em></strong></span> <span class='ocrx_word' id='word_1_58' title='bbox 1836 2844 2077 2934; x_wconf 71' lang='grc' dir='ltr'><strong><em>συντασσομέκη</em></strong></span> 
     </span>
     <span class='ocr_line' id='line_1_5' title="bbox 250 2943 2079 3040; baseline -0.002 -20"><span class='ocrx_word' id='word_1_59' title='bbox 250 2949 294 3033; x_wconf 81' lang='grc' dir='ltr'><strong><em>ιδς</em></strong></span> <span class='ocrx_word' id='word_1_60' title='bbox 314 2952 371 3022; x_wconf 77' lang='grc' dir='ltr'><strong><em>ἵνα</em></strong></span> <span class='ocrx_word' id='word_1_61' title='bbox 400 2977 452 3030; x_wconf 90' lang='grc' dir='ltr'><strong><em>τις</em></strong></span> <span class='ocrx_word' id='word_1_62' title='bbox 482 2946 579 3040; x_wconf 72' lang='lat' dir='ltr'><strong><em>einp·</em></strong></span> <span class='ocrx_word' id='word_1_63' title='bbox 615 2945 782 3018; x_wconf 73' lang='grc' dir='ltr'><strong><em>άπελδολν</em></strong></span> <span class='ocrx_word' id='word_1_64' title='bbox 803 2945 912 3038; x_wconf 78' lang='grc' dir='ltr'><strong><em>ᾔτησα</em></strong></span> <span class='ocrx_word' id='word_1_65' title='bbox 949 2945 1025 3028; x_wconf 77' lang='grc' dir='ltr'><strong><em>τούς</em></strong></span> <span class='ocrx_word' id='word_1_66' title='bbox 1053 2943 1180 3038; x_wconf 87' lang='grc' dir='ltr'><strong><em>άνδρας</em></strong></span> <span class='ocrx_word' id='word_1_67' title='bbox 1207 2944 1356 3034; x_wconf 87' lang='grc' dir='ltr'><strong><em>μάλιστα</em></strong></span> <span class='ocrx_word' id='word_1_68' title='bbox 1385 2945 1482 3018; x_wconf 88' lang='grc' dir='ltr'><strong><em>τάνδε</em></strong></span> <span class='ocrx_word' id='word_1_69' title='bbox 1511 2951 1568 3016; x_wconf 78' lang='grc' dir='ltr'><strong><em>καὶ</em></strong></span> <span class='ocrx_word' id='word_1_70' title='bbox 1598 2948 1705 3016; x_wconf 84' lang='grc' dir='ltr'><strong><em>τόνδε.</em></strong></span> <span class='ocrx_word' id='word_1_71' title='bbox 1769 2949 1970 3016; x_wconf 83' lang='lat' dir='ltr'><strong>Herodianus</strong></span> <span class='ocrx_word' id='word_1_72' title='bbox 1999 2949 2079 3016; x_wconf 80' lang='lat' dir='ltr'><strong>haec</strong></span> 
     </span>
    </p>
   </div>
   <div class='ocr_carea' id='block_1_2' title="bbox 250 3045 2185 3144">
    <p class='ocr_par' dir='ltr' id='par_1_2' title="bbox 250 3045 2185 3144">
     <span class='ocr_line' id='line_1_6' title="bbox 250 3045 2185 3144; baseline -0.004 -20"><span class='ocrx_word' id='word_1_73' title='bbox 250 3058 350 3126; x_wconf 84' lang='lat' dir='ltr'><strong>habet</strong></span> <span class='ocrx_word' id='word_1_74' title='bbox 379 3059 414 3144; x_wconf 91' lang='lat' dir='ltr'><strong><em>(l.</em></strong></span> <span class='ocrx_word' id='word_1_75' title='bbox 438 3081 464 3125; x_wconf 87' lang='grc' dir='ltr'><strong><em>ο.</em></strong></span> <span class='ocrx_word' id='word_1_76' title='bbox 485 3079 515 3141; x_wconf 91' lang='lat' dir='ltr'><strong><em>p.</em></strong></span> <span class='ocrx_word' id='word_1_77' title='bbox 534 3057 607 3144; x_wconf 79' lang='grc'>94);</span> <span class='ocrx_word' id='word_1_78' title='bbox 647 3049 728 3121; x_wconf 61' lang='lat' dir='ltr'><strong>’sirco&#39;</strong></span> <span class='ocrx_word' id='word_1_79' title='bbox 761 3055 871 3120; x_wconf 78' lang='grc' dir='ltr'><strong><em>κοινοῦ</em></strong></span> <span class='ocrx_word' id='word_1_80' title='bbox 899 3053 960 3138; x_wconf 80' lang='grc' dir='ltr'><strong><em>μέν</em></strong></span> <span class='ocrx_word' id='word_1_81' title='bbox 989 3047 1061 3120; x_wconf 79' lang='grc' dir='ltr'><strong><em>ἐστι</em></strong></span> <span class='ocrx_word' id='word_1_82' title='bbox 1092 3053 1201 3134; x_wconf 81' lang='grc' dir='ltr'><strong><em>λόγων</em></strong></span> <span class='ocrx_word' id='word_1_83' title='bbox 1232 3045 1384 3136; x_wconf 71' lang='grc' dir='ltr'><strong><em>συνέχεια</em></strong></span> <span class='ocrx_word' id='word_1_84' title='bbox 1416 3047 1450 3120; x_wconf 76' lang='grc' dir='ltr'><strong><em>ἓν</em></strong></span> <span class='ocrx_word' id='word_1_85' title='bbox 1477 3053 1613 3140; x_wconf 72' lang='grc' dir='ltr'><strong><em>διανοίᾳ</em></strong></span> <span class='ocrx_word' id='word_1_86' title='bbox 1646 3051 1844 3119; x_wconf 81' lang='grc' dir='ltr'><strong><em>κοινωνοῦσα</em></strong></span> <span class='ocrx_word' id='word_1_87' title='bbox 1877 3046 1923 3130; x_wconf 68' lang='grc' dir='ltr'><strong><em>οἷς</em></strong></span> <span class='ocrx_word' id='word_1_88' title='bbox 1950 3045 2013 3120; x_wconf 81' lang='grc' dir='ltr'><strong><em>ἕπλ</em></strong></span> <span class='ocrx_word' id='word_1_89' title='bbox 2041 3051 2080 3118; x_wconf 87' lang='grc' dir='ltr'><strong><em>τδ</em></strong></span> <span class='ocrx_word' id='word_1_90' title='bbox 2181 3071 2185 3078; x_wconf 88' lang='grc'><strong>’</strong></span> 
     </span>
    </p>
   </div>
   <div class='ocr_carea' id='block_1_3' title="bbox 243 3149 2085 5106">
    <p class='ocr_par' dir='ltr' id='par_1_3' title="bbox 247 3149 2082 3762">
     <span class='ocr_line' id='line_1_7' title="bbox 248 3149 2078 3247; baseline -0.002 -22"><span class='ocrx_word' id='word_1_91' title='bbox 248 3161 405 3226; x_wconf 81' lang='grc' dir='ltr'><strong><em>πλεῖστον</em></strong></span> <span class='ocrx_word' id='word_1_92' title='bbox 426 3153 499 3236; x_wconf 79' lang='grc' dir='ltr'><strong><em>ἕνδς</em></strong></span> <span class='ocrx_word' id='word_1_93' title='bbox 521 3155 666 3247; x_wconf 70' lang='grc' dir='ltr'><strong><em>ῥήματος</em></strong></span> <span class='ocrx_word' id='word_1_94' title='bbox 686 3156 737 3235; x_wconf 85' lang='grc' dir='ltr'><strong><em>εἰς</em></strong></span> <span class='ocrx_word' id='word_1_95' title='bbox 765 3156 966 3237; x_wconf 83' lang='grc' dir='ltr'><strong><em>συντέλειαν,</em></strong></span> <span class='ocrx_word' id='word_1_96' title='bbox 1000 3149 1087 3224; x_wconf 87' lang='grc' dir='ltr'><strong><em>οἷον·</em></strong></span> <span class='ocrx_word' id='word_1_97' title='bbox 1116 3158 1175 3224; x_wconf 79' lang='grc' dir='ltr'><strong><em>καλ</em></strong></span> <span class='ocrx_word' id='word_1_98' title='bbox 1194 3150 1345 3224; x_wconf 74' lang='grc' dir='ltr'><strong><em>ἑλίσσετο</em></strong></span> <span class='ocrx_word' id='word_1_99' title='bbox 1370 3156 1500 3234; x_wconf 84' lang='grc' dir='ltr'><strong><em>πάντας</em></strong></span> <span class='ocrx_word' id='word_1_100' title='bbox 1518 3151 1679 3240; x_wconf 80' lang='grc' dir='ltr'><strong><em>Ἀχαιοδς,</em></strong></span> <span class='ocrx_word' id='word_1_101' title='bbox 1701 3151 1860 3245; x_wconf 72' lang='grc' dir='ltr'><strong><em>Ἀτρείδα</em></strong></span> <span class='ocrx_word' id='word_1_102' title='bbox 1878 3155 1915 3222; x_wconf 79' lang='grc' dir='ltr'><strong><em>δὲ</em></strong></span> <span class='ocrx_word' id='word_1_103' title='bbox 1933 3152 2078 3241; x_wconf 86' lang='grc' dir='ltr'><strong><em>μάλιστα</em></strong></span> 
     </span>
     <span class='ocr_line' id='line_1_8' title="bbox 249 3253 2079 3350; baseline -0.001 -20"><span class='ocrx_word' id='word_1_104' title='bbox 249 3262 289 3330; x_wconf 80' lang='grc' dir='ltr'><strong><em>δι’</em></strong></span> <span class='ocrx_word' id='word_1_105' title='bbox 292 3289 308 3328; x_wconf 92' lang='grc' dir='ltr'><strong><em>ο</em></strong></span> <span class='ocrx_word' id='word_1_106' title='bbox 338 3263 408 3350; x_wconf 86' lang='lat' dir='ltr'><strong>(sic)</strong></span> <span class='ocrx_word' id='word_1_107' title='bbox 431 3262 613 3348; x_wconf 74' lang='grc' dir='ltr'><strong><em>κοσμήτορε</em></strong></span> <span class='ocrx_word' id='word_1_108' title='bbox 640 3261 738 3327; x_wconf 77' lang='grc' dir='ltr'><strong><em>λαιάν.</em></strong></span> <span class='ocrx_word' id='word_1_109' title='bbox 760 3300 801 3311; x_wconf 90' lang='grc'>-</span> <span class='ocrx_word' id='word_1_110' title='bbox 826 3259 982 3348; x_wconf 83' lang='lat' dir='ltr'><strong>(Tiberius</strong></span> <span class='ocrx_word' id='word_1_111' title='bbox 1013 3263 1047 3348; x_wconf 91' lang='lat' dir='ltr'><strong><em>(l.</em></strong></span> <span class='ocrx_word' id='word_1_112' title='bbox 1077 3284 1102 3328; x_wconf 84' lang='lat' dir='ltr'><strong><em>e.</em></strong></span> <span class='ocrx_word' id='word_1_113' title='bbox 1135 3284 1165 3346; x_wconf 92' lang='lat' dir='ltr'><strong><em>p.</em></strong></span> <span class='ocrx_word' id='word_1_114' title='bbox 1190 3264 1259 3346; x_wconf 79' lang='lat'>76):</span> <span class='ocrx_word' id='word_1_115' title='bbox 1295 3255 1341 3327; x_wconf 86' lang='grc' dir='ltr'><strong><em>Τδ</em></strong></span> <span class='ocrx_word' id='word_1_116' title='bbox 1371 3260 1408 3328; x_wconf 82' lang='grc' dir='ltr'><strong><em>δὲ</em></strong></span> <span class='ocrx_word' id='word_1_117' title='bbox 1438 3254 1511 3327; x_wconf 86' lang='grc' dir='ltr'><strong><em>άτιδ</em></strong></span> <span class='ocrx_word' id='word_1_118' title='bbox 1547 3262 1657 3327; x_wconf 81' lang='grc' dir='ltr'><strong><em>κοινοῦ</em></strong></span> <span class='ocrx_word' id='word_1_119' title='bbox 1693 3253 1820 3339; x_wconf 68' lang='grc' dir='ltr'><strong><em>οὕτως·</em></strong></span> <span class='ocrx_word' id='word_1_120' title='bbox 1859 3262 1916 3328; x_wconf 84' lang='grc' dir='ltr'><strong><em>καὶ</em></strong></span> <span class='ocrx_word' id='word_1_121' title='bbox 1944 3261 1991 3348; x_wconf 72' lang='grc' dir='ltr'><strong><em>τῷ</em></strong></span> <span class='ocrx_word' id='word_1_122' title='bbox 2019 3260 2079 3344; x_wconf 80' lang='grc' dir='ltr'><strong><em>μὲν</em></strong></span> 
     </span>
     <span class='ocr_line' id='line_1_9' title="bbox 248 3354 2079 3455; baseline -0.003 -20"><span class='ocrx_word' id='word_1_123' title='bbox 248 3361 379 3455; x_wconf 78' lang='grc' dir='ltr'><strong><em>Εάβαλῳ</em></strong></span> <span class='ocrx_word' id='word_1_124' title='bbox 395 3366 440 3455; x_wconf 74' lang='grc' dir='ltr'><strong><em>τῷ</em></strong></span> <span class='ocrx_word' id='word_1_125' title='bbox 463 3363 520 3431; x_wconf 87' lang='grc' dir='ltr'><strong><em>τδν</em></strong></span> <span class='ocrx_word' id='word_1_126' title='bbox 534 3359 686 3430; x_wconf 87' lang='grc' dir='ltr'><strong><em>Βοιωτδν</em></strong></span> <span class='ocrx_word' id='word_1_127' title='bbox 706 3359 941 3430; x_wconf 82' lang='grc' dir='ltr'><strong><em>άποκτείναντι</em></strong></span> <span class='ocrx_word' id='word_1_128' title='bbox 963 3361 1092 3453; x_wconf 71' lang='grc' dir='ltr'><strong><em>πολλὴν</em></strong></span> <span class='ocrx_word' id='word_1_129' title='bbox 1111 3355 1298 3452; x_wconf 74' lang='grc' dir='ltr'><strong><em>συγγνώμην</em></strong></span> <span class='ocrx_word' id='word_1_130' title='bbox 1316 3358 1400 3448; x_wconf 87' lang='grc' dir='ltr'><strong><em>ἐ’χω·</em></strong></span> <span class='ocrx_word' id='word_1_131' title='bbox 1424 3364 1558 3432; x_wconf 81' lang='grc' dir='ltr'><strong><em>δοκοῦσι</em></strong></span> <span class='ocrx_word' id='word_1_132' title='bbox 1578 3354 1615 3430; x_wconf 81' lang='grc' dir='ltr'><strong><em>δέ</em></strong></span> <span class='ocrx_word' id='word_1_133' title='bbox 1634 3365 1769 3449; x_wconf 78' lang='grc' dir='ltr'><strong><em>μοικαὶ</em></strong></span> <span class='ocrx_word' id='word_1_134' title='bbox 1787 3367 1850 3432; x_wconf 80' lang='grc' dir='ltr'><strong><em>τῶν</em></strong></span> <span class='ocrx_word' id='word_1_135' title='bbox 1873 3357 2079 3433; x_wconf 76' lang='grc' dir='ltr'><strong><em>δικασάντων</em></strong></span> 
     </span>
     <span class='ocr_line' id='line_1_10' title="bbox 247 3465 2080 3568; baseline 0.001 -33"><span class='ocrx_word' id='word_1_136' title='bbox 247 3471 323 3536; x_wconf 86' lang='grc' dir='ltr'><strong><em>τότε</em></strong></span> <span class='ocrx_word' id='word_1_137' title='bbox 354 3469 488 3536; x_wconf 75' lang='grc' dir='ltr'><strong><em>πολλοὶ.</em></strong></span> <span class='ocrx_word' id='word_1_138' title='bbox 535 3507 578 3518; x_wconf 93' lang='grc'>-</span> <span class='ocrx_word' id='word_1_139' title='bbox 621 3467 742 3536; x_wconf 81' lang='lat' dir='ltr'><strong>Similia</strong></span> <span class='ocrx_word' id='word_1_140' title='bbox 780 3467 933 3553; x_wconf 81' lang='lat' dir='ltr'><strong>Georgius</strong></span> <span class='ocrx_word' id='word_1_141' title='bbox 968 3467 1204 3536; x_wconf 84' lang='lat' dir='ltr'><strong>Choeroboseus</strong></span> <span class='ocrx_word' id='word_1_142' title='bbox 1240 3469 1321 3555; x_wconf 79' lang='grc' dir='ltr'><strong><em>περὶ</em></strong></span> <span class='ocrx_word' id='word_1_143' title='bbox 1354 3465 1489 3556; x_wconf 84' lang='grc' dir='ltr'><strong><em>τρδττων</em></strong></span> <span class='ocrx_word' id='word_1_144' title='bbox 1524 3469 1558 3555; x_wconf 86' lang='lat' dir='ltr'><strong><em>(l.</em></strong></span> <span class='ocrx_word' id='word_1_145' title='bbox 1589 3489 1616 3536; x_wconf 83' lang='grc' dir='ltr'><strong><em>ε.</em></strong></span> <span class='ocrx_word' id='word_1_146' title='bbox 1646 3492 1677 3554; x_wconf 90' lang='lat' dir='ltr'><strong><em>p.</em></strong></span> <span class='ocrx_word' id='word_1_147' title='bbox 1700 3469 1777 3556; x_wconf 75' lang='lat'><strong>256)</strong></span> <span class='ocrx_word' id='word_1_148' title='bbox 1811 3471 1943 3555; x_wconf 69' lang='lat' dir='ltr'><strong>profert,</strong></span> <span class='ocrx_word' id='word_1_149' title='bbox 1984 3477 2080 3568; x_wconf 75' lang='lat' dir='ltr'><strong>atque</strong></span> 
     </span>
     <span class='ocr_line' id='line_1_11' title="bbox 250 3561 2082 3661; baseline 0.001 -23"><span class='ocrx_word' id='word_1_150' title='bbox 250 3575 436 3658; x_wconf 83' lang='lat' dir='ltr'><strong>Apollonius</strong></span> <span class='ocrx_word' id='word_1_151' title='bbox 467 3573 700 3641; x_wconf 84' lang='lat' dir='ltr'><strong>Alexandrinus</strong></span> <span class='ocrx_word' id='word_1_152' title='bbox 733 3573 773 3640; x_wconf 89' lang='lat' dir='ltr'><strong><em>de</em></strong></span> <span class='ocrx_word' id='word_1_153' title='bbox 807 3573 1038 3640; x_wconf 80' lang='lat' dir='ltr'><strong>eonstruetione</strong></span> <span class='ocrx_word' id='word_1_154' title='bbox 1075 3595 1107 3657; x_wconf 94' lang='lat' dir='ltr'><strong><em>p.</em></strong></span> <span class='ocrx_word' id='word_1_155' title='bbox 1133 3576 1204 3652; x_wconf 75' lang='lat'><strong>122,</strong></span> <span class='ocrx_word' id='word_1_156' title='bbox 1237 3574 1270 3638; x_wconf 92' lang='lat' dir='ltr'><strong><em>in</em></strong></span> <span class='ocrx_word' id='word_1_157' title='bbox 1301 3575 1480 3640; x_wconf 82' lang='lat' dir='ltr'><strong>enuntiate:</strong></span> <span class='ocrx_word' id='word_1_158' title='bbox 1513 3573 1570 3638; x_wconf 85' lang='grc' dir='ltr'><strong><em>καὶ</em></strong></span> <span class='ocrx_word' id='word_1_159' title='bbox 1601 3561 1776 3650; x_wconf 75' lang='grc' dir='ltr'><strong><em>Διονύσιος</em></strong></span> <span class='ocrx_word' id='word_1_160' title='bbox 1811 3579 1994 3661; x_wconf 80' lang='grc' dir='ltr'><strong><em>περιπατεῖ</em></strong></span> <span class='ocrx_word' id='word_1_161' title='bbox 2022 3575 2082 3640; x_wconf 83' lang='grc' dir='ltr'><strong><em>καὶ</em></strong></span> 
     </span>
     <span class='ocr_line' id='line_1_12' title="bbox 249 3667 1701 3762; baseline 0.002 -22"><span class='ocrx_word' id='word_1_162' title='bbox 249 3667 482 3752; x_wconf 71' lang='grc' dir='ltr'><strong><em>Ἀπολλώνιος</em></strong></span> <span class='ocrx_word' id='word_1_163' title='bbox 504 3715 546 3728; x_wconf 89' lang='lat'>-</span> <span class='ocrx_word' id='word_1_164' title='bbox 569 3676 612 3744; x_wconf 85' lang='lat' dir='ltr'><strong><em>ad</em></strong></span> <span class='ocrx_word' id='word_1_165' title='bbox 633 3683 805 3760; x_wconf 89' lang='lat' dir='ltr'><strong>utrumque</strong></span> <span class='ocrx_word' id='word_1_166' title='bbox 827 3697 942 3744; x_wconf 87' lang='lat' dir='ltr'><strong>nomeu</strong></span> <span class='ocrx_word' id='word_1_167' title='bbox 964 3677 1129 3762; x_wconf 88' lang='lat' dir='ltr'><strong>proprium</strong></span> <span class='ocrx_word' id='word_1_168' title='bbox 1150 3674 1283 3742; x_wconf 82' lang='lat' dir='ltr'><strong>verbum</strong></span> <span class='ocrx_word' id='word_1_169' title='bbox 1306 3675 1507 3743; x_wconf 80' lang='lat' dir='ltr'><strong>referendum</strong></span> <span class='ocrx_word' id='word_1_170' title='bbox 1528 3697 1596 3743; x_wconf 88' lang='lat' dir='ltr'><strong>esse</strong></span> <span class='ocrx_word' id='word_1_171' title='bbox 1617 3676 1701 3744; x_wconf 82' lang='lat' dir='ltr'><strong>dicit</strong></span> 
     </span>
    </p>

    <p class='ocr_par' dir='ltr' id='par_1_4' title="bbox 248 3773 2083 4382">
     <span class='ocr_line' id='line_1_13' title="bbox 403 3773 2081 3865; baseline 0.004 -21"><span class='ocrx_word' id='word_1_172' title='bbox 403 3779 587 3848; x_wconf 84' lang='lat' dir='ltr'><strong>Eustathius</strong></span> <span class='ocrx_word' id='word_1_173' title='bbox 617 3782 651 3847; x_wconf 92' lang='lat' dir='ltr'><strong><em>in</em></strong></span> <span class='ocrx_word' id='word_1_174' title='bbox 682 3781 808 3848; x_wconf 85' lang='lat' dir='ltr'><strong>scholiis</strong></span> <span class='ocrx_word' id='word_1_175' title='bbox 838 3781 881 3848; x_wconf 89' lang='lat' dir='ltr'><strong><em>ad</em></strong></span> <span class='ocrx_word' id='word_1_176' title='bbox 902 3781 1036 3847; x_wconf 80' lang='lat' dir='ltr'><strong>iliadem</strong></span> <span class='ocrx_word' id='word_1_177' title='bbox 1067 3801 1139 3846; x_wconf 84' lang='lat' dir='ltr'><strong><em>eum</em></strong></span> <span class='ocrx_word' id='word_1_178' title='bbox 1169 3779 1240 3845; x_wconf 88' lang='lat' dir='ltr'><strong>aliis</strong></span> <span class='ocrx_word' id='word_1_179' title='bbox 1269 3779 1432 3864; x_wconf 88' lang='lat' dir='ltr'><strong>permultis</strong></span> <span class='ocrx_word' id='word_1_180' title='bbox 1462 3781 1539 3847; x_wconf 83' lang='lat' dir='ltr'><strong>loeis</strong></span> <span class='ocrx_word' id='word_1_181' title='bbox 1570 3781 1698 3846; x_wconf 88' lang='lat' dir='ltr'><strong>nomine</strong></span> <span class='ocrx_word' id='word_1_182' title='bbox 1726 3779 1848 3865; x_wconf 85' lang='lat' dir='ltr'><strong>figurae</strong></span> <span class='ocrx_word' id='word_1_183' title='bbox 1874 3773 1947 3846; x_wconf 84' lang='grc' dir='ltr'><strong><em>άπδ</em></strong></span> <span class='ocrx_word' id='word_1_184' title='bbox 1969 3782 2081 3850; x_wconf 84' lang='grc' dir='ltr'><strong><em>κοινοῦ</em></strong></span> 
     </span>
     <span class='ocr_line' id='line_1_14' title="bbox 248 3876 2083 3973; baseline 0.003 -27"><span class='ocrx_word' id='word_1_185' title='bbox 248 3882 359 3960; x_wconf 79' lang='lat' dir='ltr'><strong>utitur,</strong></span> <span class='ocrx_word' id='word_1_186' title='bbox 382 3887 450 3947; x_wconf 85' lang='lat' dir='ltr'><strong><em>tum</em></strong></span> <span class='ocrx_word' id='word_1_187' title='bbox 472 3882 512 3949; x_wconf 86' lang='grc' dir='ltr'><strong><em>δε</em></strong></span> <span class='ocrx_word' id='word_1_188' title='bbox 534 3885 600 3950; x_wconf 83' lang='lat' dir='ltr'><strong>aius</strong></span> <span class='ocrx_word' id='word_1_189' title='bbox 621 3890 738 3951; x_wconf 84' lang='lat' dir='ltr'><strong>natura</strong></span> <span class='ocrx_word' id='word_1_190' title='bbox 764 3884 894 3952; x_wconf 84' lang='lat' dir='ltr'><strong>uberius</strong></span> <span class='ocrx_word' id='word_1_191' title='bbox 921 3883 1069 3950; x_wconf 71' lang='lat' dir='ltr'><strong>disseruit</strong></span> <span class='ocrx_word' id='word_1_192' title='bbox 1095 3883 1138 3950; x_wconf 88' lang='lat' dir='ltr'><strong><em>ad</em></strong></span> <span class='ocrx_word' id='word_1_193' title='bbox 1159 3884 1191 3952; x_wconf 85' lang='grc' dir='ltr'>Ξ</span> <span class='ocrx_word' id='word_1_194' title='bbox 1209 3905 1236 3950; x_wconf 83' lang='lat' dir='ltr'><strong><em>v.</em></strong></span> <span class='ocrx_word' id='word_1_195' title='bbox 1254 3887 1324 3962; x_wconf 80' lang='lat'><strong>192,</strong></span> <span class='ocrx_word' id='word_1_196' title='bbox 1350 3881 1406 3948; x_wconf 91' lang='lat' dir='ltr'><strong><em>ubi</em></strong></span> <span class='ocrx_word' id='word_1_197' title='bbox 1427 3883 1507 3951; x_wconf 84' lang='lat' dir='ltr'><strong>haee</strong></span> <span class='ocrx_word' id='word_1_198' title='bbox 1528 3884 1690 3970; x_wconf 82' lang='lat' dir='ltr'><strong>leguntur:</strong></span> <span class='ocrx_word' id='word_1_199' title='bbox 1720 3876 1827 3970; x_wconf 70' lang='grc' dir='ltr'><strong><em>άρθδν</em></strong></span> <span class='ocrx_word' id='word_1_200' title='bbox 1851 3879 1911 3967; x_wconf 78' lang='grc' dir='ltr'><strong><em>μὲν</em></strong></span> <span class='ocrx_word' id='word_1_201' title='bbox 1937 3877 2000 3973; x_wconf 76' lang='grc' dir='ltr'><strong><em>γάρ</em></strong></span> <span class='ocrx_word' id='word_1_202' title='bbox 2023 3886 2083 3951; x_wconf 82' lang='grc' dir='ltr'><strong><em>καὶ</em></strong></span> 
     </span>
     <span class='ocr_line' id='line_1_15' title="bbox 249 3977 2083 4075; baseline 0.004 -27"><span class='ocrx_word' id='word_1_203' title='bbox 249 3983 355 4072; x_wconf 74' lang='grc' dir='ltr'><strong><em>σαφὲς</em></strong></span> <span class='ocrx_word' id='word_1_204' title='bbox 377 3977 448 4050; x_wconf 85' lang='grc' dir='ltr'><strong><em>άπδ</em></strong></span> <span class='ocrx_word' id='word_1_205' title='bbox 472 3987 582 4052; x_wconf 77' lang='grc' dir='ltr'><strong><em>κοινοῦ</em></strong></span> <span class='ocrx_word' id='word_1_206' title='bbox 605 3987 718 4074; x_wconf 82' lang='grc' dir='ltr'><strong><em>σχῆμα</em></strong></span> <span class='ocrx_word' id='word_1_207' title='bbox 740 3979 791 4068; x_wconf 88' lang='grc' dir='ltr'><strong><em>τά,</em></strong></span> <span class='ocrx_word' id='word_1_208' title='bbox 814 3980 934 4056; x_wconf 74' lang='grc' dir='ltr'><strong><em>οὔποτ’</em></strong></span> <span class='ocrx_word' id='word_1_209' title='bbox 954 3981 1039 4072; x_wconf 84' lang='grc' dir='ltr'><strong><em>ε’μας</em></strong></span> <span class='ocrx_word' id='word_1_210' title='bbox 1060 3988 1142 4070; x_wconf 76' lang='grc' dir='ltr'><strong><em>βοῦς</em></strong></span> <span class='ocrx_word' id='word_1_211' title='bbox 1163 3980 1291 4075; x_wconf 72' lang='grc' dir='ltr'><strong><em>ἤλασαν</em></strong></span> <span class='ocrx_word' id='word_1_212' title='bbox 1313 3980 1390 4054; x_wconf 68' lang='lat' dir='ltr'><strong><em>otae</em></strong></span> <span class='ocrx_word' id='word_1_213' title='bbox 1410 3985 1471 4071; x_wconf 77' lang='grc' dir='ltr'><strong><em>μὲν</em></strong></span> <span class='ocrx_word' id='word_1_214' title='bbox 1495 3983 1635 4066; x_wconf 78' lang='grc' dir='ltr'><strong><em>ἵππους,</em></strong></span> <span class='ocrx_word' id='word_1_215' title='bbox 1666 3986 1723 4054; x_wconf 84' lang='grc' dir='ltr'><strong><em>καὶ</em></strong></span> <span class='ocrx_word' id='word_1_216' title='bbox 1752 3978 1817 4053; x_wconf 83' lang='grc' dir='ltr'><strong><em>ὅσα</em></strong></span> <span class='ocrx_word' id='word_1_217' title='bbox 1841 3987 1988 4057; x_wconf 80' lang='grc' dir='ltr'><strong><em>τοιαῦτα.</em></strong></span> <span class='ocrx_word' id='word_1_218' title='bbox 2034 3984 2083 4055; x_wconf 68' lang='lat' dir='ltr'><strong><em>To*</em></strong></span> 
     </span>
     <span class='ocr_line' id='line_1_16' title="bbox 249 4082 2083 4178; baseline 0.004 -27"><span class='ocrx_word' id='word_1_219' title='bbox 249 4085 313 4175; x_wconf 79' lang='grc' dir='ltr'><strong><em>γάρ</em></strong></span> <span class='ocrx_word' id='word_1_220' title='bbox 335 4084 555 4176; x_wconf 74' lang='grc' dir='ltr'><strong><em>προλαληθὲν</em></strong></span> <span class='ocrx_word' id='word_1_221' title='bbox 576 4088 664 4177; x_wconf 78' lang='grc' dir='ltr'><strong><em>ῥῆμα</em></strong></span> <span class='ocrx_word' id='word_1_222' title='bbox 685 4082 821 4178; x_wconf 73' lang='grc' dir='ltr'><strong><em>ὕστερον</em></strong></span> <span class='ocrx_word' id='word_1_223' title='bbox 843 4082 1013 4176; x_wconf 75' lang='grc' dir='ltr'><strong><em>δεχόμεθα</em></strong></span> <span class='ocrx_word' id='word_1_224' title='bbox 1035 4083 1074 4158; x_wconf 81' lang='grc' dir='ltr'><strong><em>ἕκ</em></strong></span> <span class='ocrx_word' id='word_1_225' title='bbox 1096 4090 1217 4157; x_wconf 80' lang='grc' dir='ltr'><strong><em>κοινοῦ.</em></strong></span> <span class='ocrx_word' id='word_1_226' title='bbox 1265 4085 1311 4156; x_wconf 83' lang='grc' dir='ltr'><strong><em>Τὸ</em></strong></span> <span class='ocrx_word' id='word_1_227' title='bbox 1332 4086 1465 4175; x_wconf 80' lang='grc' dir='ltr'><strong><em>μέντοι·</em></strong></span> <span class='ocrx_word' id='word_1_228' title='bbox 1486 4085 1605 4158; x_wconf 75' lang='grc' dir='ltr'><strong><em>οὕνεκα</em></strong></span> <span class='ocrx_word' id='word_1_229' title='bbox 1626 4090 1698 4174; x_wconf 84' lang='lat' dir='ltr'><strong>(sie)</strong></span> <span class='ocrx_word' id='word_1_230' title='bbox 1711 4082 1774 4176; x_wconf 74' lang='grc' dir='ltr'><strong><em>ἐμά</em></strong></span> <span class='ocrx_word' id='word_1_231' title='bbox 1793 4095 1966 4170; x_wconf 85' lang='grc' dir='ltr'><strong><em>Δαναοῖσι,</em></strong></span> <span class='ocrx_word' id='word_1_232' title='bbox 1990 4087 2029 4160; x_wconf 77' lang='lat' dir='ltr'><strong>uri</strong></span> <span class='ocrx_word' id='word_1_233' title='bbox 2045 4088 2083 4158; x_wconf 81' lang='grc' dir='ltr'><strong><em>δὲ</em></strong></span> 
     </span>
     <span class='ocr_line' id='line_1_17' title="bbox 252 4181 2083 4284; baseline 0.004 -29"><span class='ocrx_word' id='word_1_234' title='bbox 252 4181 422 4278; x_wconf 79' lang='grc' dir='ltr'><strong><em>Τρώεσσιν</em></strong></span> <span class='ocrx_word' id='word_1_235' title='bbox 443 4183 590 4280; x_wconf 77' lang='grc' dir='ltr'><strong><em>άρῆγεις,</em></strong></span> <span class='ocrx_word' id='word_1_236' title='bbox 613 4185 777 4280; x_wconf 86' lang='grc' dir='ltr'><strong><em>διάφορόν</em></strong></span> <span class='ocrx_word' id='word_1_237' title='bbox 798 4189 869 4260; x_wconf 83' lang='grc' dir='ltr'><strong><em>ἐστι</em></strong></span> <span class='ocrx_word' id='word_1_238' title='bbox 882 4197 922 4281; x_wconf 84' lang='grc' dir='ltr'><strong><em>τῇ</em></strong></span> <span class='ocrx_word' id='word_1_239' title='bbox 935 4187 1101 4283; x_wconf 69' lang='grc' dir='ltr'><strong><em>ἐξαλλαγῇ</em></strong></span> <span class='ocrx_word' id='word_1_240' title='bbox 1115 4187 1161 4271; x_wconf 77' lang='grc' dir='ltr'><strong><em>ὥς</em></strong></span> <span class='ocrx_word' id='word_1_241' title='bbox 1175 4193 1236 4260; x_wconf 70' lang='grc' dir='ltr'><strong><em>τοτ’</em></strong></span> <span class='ocrx_word' id='word_1_242' title='bbox 1254 4187 1422 4281; x_wconf 72' lang='grc' dir='ltr'><strong><em>ἀκροατοῦ</em></strong></span> <span class='ocrx_word' id='word_1_243' title='bbox 1441 4193 1709 4284; x_wconf 78' lang='grc' dir='ltr'><strong><em>καραδοκοῦντος,</em></strong></span> <span class='ocrx_word' id='word_1_244' title='bbox 1739 4189 1824 4259; x_wconf 86' lang='grc' dir='ltr'><strong><em>πότε</em></strong></span> <span class='ocrx_word' id='word_1_245' title='bbox 1851 4186 1891 4259; x_wconf 77' lang='grc' dir='ltr'><strong><em>ἃν</em></strong></span> <span class='ocrx_word' id='word_1_246' title='bbox 1913 4189 1951 4259; x_wconf 86' lang='grc' dir='ltr'><strong><em>τδ</em></strong></span> <span class='ocrx_word' id='word_1_247' title='bbox 1972 4193 2083 4262; x_wconf 85' lang='grc' dir='ltr'><strong><em>κοινδν</em></strong></span> 
     </span>
     <span class='ocr_line' id='line_1_18' title="bbox 250 4289 530 4382; baseline 0.011 -23"><span class='ocrx_word' id='word_1_248' title='bbox 250 4292 340 4380; x_wconf 79' lang='grc' dir='ltr'><strong><em>ῥῆμα</em></strong></span> <span class='ocrx_word' id='word_1_249' title='bbox 360 4289 530 4382; x_wconf 75' lang='grc' dir='ltr'><strong><em>α’ποδοδῇ.</em></strong></span> 
     </span>
    </p>

    <p class='ocr_par' dir='ltr' id='par_1_5' title="bbox 243 4394 2085 5010">
     <span class='ocr_line' id='line_1_19' title="bbox 401 4394 2084 4488; baseline 0.004 -24"><span class='ocrx_word' id='word_1_250' title='bbox 401 4399 514 4483; x_wconf 82' lang='lat' dir='ltr'><strong>ltaque</strong></span> <span class='ocrx_word' id='word_1_251' title='bbox 537 4401 612 4485; x_wconf 90' lang='lat' dir='ltr'><strong>ipsis</strong></span> <span class='ocrx_word' id='word_1_252' title='bbox 635 4399 794 4485; x_wconf 80' lang='lat' dir='ltr'><strong>exemplis,</strong></span> <span class='ocrx_word' id='word_1_253' title='bbox 817 4401 932 4485; x_wconf 89' lang='lat' dir='ltr'><strong>quibus</strong></span> <span class='ocrx_word' id='word_1_254' title='bbox 953 4402 1151 4488; x_wconf 80' lang='lat' dir='ltr'><strong>grammatici</strong></span> <span class='ocrx_word' id='word_1_255' title='bbox 1172 4401 1257 4469; x_wconf 85' lang='lat' dir='ltr'><strong>hano</strong></span> <span class='ocrx_word' id='word_1_256' title='bbox 1276 4401 1412 4488; x_wconf 84' lang='lat' dir='ltr'><strong>figuram</strong></span> <span class='ocrx_word' id='word_1_257' title='bbox 1425 4402 1674 4482; x_wconf 82' lang='lat' dir='ltr'><strong>illustraverunt,</strong></span> <span class='ocrx_word' id='word_1_258' title='bbox 1696 4400 1855 4480; x_wconf 86' lang='lat' dir='ltr'><strong>doeemur,</strong></span> <span class='ocrx_word' id='word_1_259' title='bbox 1881 4394 1954 4466; x_wconf 84' lang='grc' dir='ltr'><strong><em>άπδ</em></strong></span> <span class='ocrx_word' id='word_1_260' title='bbox 1973 4405 2084 4470; x_wconf 78' lang='grc' dir='ltr'><strong><em>κοινοῦ</em></strong></span> 
     </span>
     <span class='ocr_line' id='line_1_20' title="bbox 250 4497 2084 4594; baseline 0.005 -29"><span class='ocrx_word' id='word_1_261' title='bbox 250 4497 313 4565; x_wconf 85' lang='lat' dir='ltr'><strong>diei</strong></span> <span class='ocrx_word' id='word_1_262' title='bbox 334 4501 443 4582; x_wconf 83' lang='lat' dir='ltr'><strong>solers,</strong></span> <span class='ocrx_word' id='word_1_263' title='bbox 469 4504 496 4568; x_wconf 90' lang='lat' dir='ltr'><strong><em>si</em></strong></span> <span class='ocrx_word' id='word_1_264' title='bbox 518 4503 605 4588; x_wconf 86' lang='lat' dir='ltr'><strong>quod</strong></span> <span class='ocrx_word' id='word_1_265' title='bbox 626 4502 758 4570; x_wconf 82' lang='lat' dir='ltr'><strong>verbum</strong></span> <span class='ocrx_word' id='word_1_266' title='bbox 784 4505 903 4594; x_wconf 71' lang='grc' dir='ltr'><strong><em>(ῥῆμα)</em></strong></span> <span class='ocrx_word' id='word_1_267' title='bbox 930 4511 963 4573; x_wconf 82' lang='lat' dir='ltr'><strong><em>et</em></strong></span> <span class='ocrx_word' id='word_1_268' title='bbox 983 4527 1041 4572; x_wconf 90' lang='lat' dir='ltr'><strong><em>suo</em></strong></span> <span class='ocrx_word' id='word_1_269' title='bbox 1063 4506 1132 4572; x_wconf 86' lang='lat' dir='ltr'><strong>loeo</strong></span> <span class='ocrx_word' id='word_1_270' title='bbox 1154 4507 1291 4591; x_wconf 86' lang='lat' dir='ltr'><strong>positum</strong></span> <span class='ocrx_word' id='word_1_271' title='bbox 1313 4505 1354 4573; x_wconf 91' lang='lat' dir='ltr'><strong><em>sit</em></strong></span> <span class='ocrx_word' id='word_1_272' title='bbox 1375 4511 1408 4572; x_wconf 87' lang='lat' dir='ltr'><strong><em>et</em></strong></span> <span class='ocrx_word' id='word_1_273' title='bbox 1429 4507 1615 4574; x_wconf 83' lang='lat' dir='ltr'><strong>continuata</strong></span> <span class='ocrx_word' id='word_1_274' title='bbox 1635 4511 1798 4572; x_wconf 80' lang='lat' dir='ltr'><strong>structura</strong></span> <span class='ocrx_word' id='word_1_275' title='bbox 1819 4502 2084 4575; x_wconf 80' lang='lat' dir='ltr'><strong>subaudiendum.</strong></span> 
     </span>
     <span class='ocr_line' id='line_1_21' title="bbox 250 4599 2084 4698; baseline 0.005 -31"><span class='ocrx_word' id='word_1_276' title='bbox 250 4599 318 4670; x_wconf 84' lang='lat' dir='ltr'><strong><em>Nee</em></strong></span> <span class='ocrx_word' id='word_1_277' title='bbox 338 4624 411 4671; x_wconf 81' lang='lat' dir='ltr'><strong>vero</strong></span> <span class='ocrx_word' id='word_1_278' title='bbox 432 4611 551 4674; x_wconf 83' lang='lat' dir='ltr'><strong>temere</strong></span> <span class='ocrx_word' id='word_1_279' title='bbox 567 4607 768 4675; x_wconf 86' lang='lat' dir='ltr'><strong>Herodianus</strong></span> <span class='ocrx_word' id='word_1_280' title='bbox 782 4608 907 4676; x_wconf 87' lang='lat' dir='ltr'><strong>addidit</strong></span> <span class='ocrx_word' id='word_1_281' title='bbox 921 4599 1025 4694; x_wconf 77' lang='grc' dir='ltr'><strong><em>λόγων</em></strong></span> <span class='ocrx_word' id='word_1_282' title='bbox 1044 4599 1196 4691; x_wconf 82' lang='grc' dir='ltr'><strong><em>συνέχεια</em></strong></span> <span class='ocrx_word' id='word_1_283' title='bbox 1209 4603 1245 4674; x_wconf 79' lang='grc' dir='ltr'><strong><em>ἐν</em></strong></span> <span class='ocrx_word' id='word_1_284' title='bbox 1260 4609 1390 4698; x_wconf 70' lang='grc' dir='ltr'><strong><em>διανοίᾳ</em></strong></span> <span class='ocrx_word' id='word_1_285' title='bbox 1404 4609 1642 4676; x_wconf 77' lang='grc' dir='ltr'><strong><em>κοινωνοῦσα</em></strong></span> <span class='ocrx_word' id='word_1_286' title='bbox 1664 4600 1715 4684; x_wconf 79' lang='grc' dir='ltr'><strong><em>τάς</em></strong></span> <span class='ocrx_word' id='word_1_287' title='bbox 1736 4600 1806 4672; x_wconf 79' lang='grc' dir='ltr'><strong><em>ἐπὶ</em></strong></span> <span class='ocrx_word' id='word_1_288' title='bbox 1826 4600 1869 4671; x_wconf 86' lang='grc' dir='ltr'><strong><em>τδ</em></strong></span> <span class='ocrx_word' id='word_1_289' title='bbox 1892 4607 2084 4676; x_wconf 85' lang='grc' dir='ltr'><strong><em>πλεῖστον</em></strong></span> 
     </span>
     <span class='ocr_line' id='line_1_22' title="bbox 243 4697 2084 4800; baseline 0.005 -28"><span class='ocrx_word' id='word_1_290' title='bbox 243 4697 334 4784; x_wconf 71' lang='grc' dir='ltr'><strong><em>ἑνὸς</em></strong></span> <span class='ocrx_word' id='word_1_291' title='bbox 364 4699 406 4796; x_wconf 77' lang='grc' dir='ltr'><strong><em>ρι’</em></strong></span> <span class='ocrx_word' id='word_1_292' title='bbox 413 4731 534 4792; x_wconf 87' lang='grc' dir='ltr'><strong><em>ματος</em></strong></span> <span class='ocrx_word' id='word_1_293' title='bbox 562 4706 597 4789; x_wconf 83' lang='grc' dir='ltr'><strong><em>ἐς</em></strong></span> <span class='ocrx_word' id='word_1_294' title='bbox 628 4701 830 4793; x_wconf 83' lang='grc' dir='ltr'><strong><em>συντέλειαν,</em></strong></span> <span class='ocrx_word' id='word_1_295' title='bbox 857 4735 933 4780; x_wconf 83' lang='lat' dir='ltr'><strong><em>uam</em></strong></span> <span class='ocrx_word' id='word_1_296' title='bbox 963 4713 1058 4780; x_wconf 84' lang='lat' dir='ltr'><strong>latius</strong></span> <span class='ocrx_word' id='word_1_297' title='bbox 1088 4719 1200 4798; x_wconf 84' lang='lat' dir='ltr'><strong>patere</strong></span> <span class='ocrx_word' id='word_1_298' title='bbox 1221 4734 1290 4781; x_wconf 89' lang='lat' dir='ltr'><strong>rem</strong></span> <span class='ocrx_word' id='word_1_299' title='bbox 1320 4713 1523 4782; x_wconf 81' lang='lat' dir='ltr'><strong>manifestum</strong></span> <span class='ocrx_word' id='word_1_300' title='bbox 1551 4711 1676 4780; x_wconf 81' lang='lat' dir='ltr'><strong>estrei</strong></span> <span class='ocrx_word' id='word_1_301' title='bbox 1702 4731 1742 4777; x_wconf 86' lang='lat' dir='ltr'><strong><em>ex</em></strong></span> <span class='ocrx_word' id='word_1_302' title='bbox 1770 4711 2084 4800; x_wconf 71' lang='lat' dir='ltr'><strong>iisqueeleguntur</strong></span> 
     </span>
     <span class='ocr_line' id='line_1_23' title="bbox 250 4810 2085 4904; baseline 0.007 -30"><span class='ocrx_word' id='word_1_303' title='bbox 250 4811 337 4894; x_wconf 83' lang='lat' dir='ltr'><strong><em>apud</em></strong></span> <span class='ocrx_word' id='word_1_304' title='bbox 359 4811 556 4898; x_wconf 72' lang='lat' dir='ltr'><strong>Stephanum</strong></span> <span class='ocrx_word' id='word_1_305' title='bbox 577 4837 602 4884; x_wconf 90' lang='lat' dir='ltr'><strong><em>s.</em></strong></span> <span class='ocrx_word' id='word_1_306' title='bbox 623 4839 652 4886; x_wconf 84' lang='lat' dir='ltr'><strong><em>v.</em></strong></span> <span class='ocrx_word' id='word_1_307' title='bbox 674 4814 799 4895; x_wconf 72' lang='grc' dir='ltr'><strong><em>κοινόςε</em></strong></span> <span class='ocrx_word' id='word_1_308' title='bbox 832 4810 913 4883; x_wconf 59' lang='lat' dir='ltr'><strong>’Arm</strong></span> <span class='ocrx_word' id='word_1_309' title='bbox 940 4817 1053 4886; x_wconf 79' lang='grc' dir='ltr'><strong><em>κοινοῦ</em></strong></span> <span class='ocrx_word' id='word_1_310' title='bbox 1079 4818 1317 4886; x_wconf 84' lang='lat' dir='ltr'><strong>usitatissimum</strong></span> <span class='ocrx_word' id='word_1_311' title='bbox 1342 4817 1556 4904; x_wconf 78' lang='lat' dir='ltr'><strong>grammaticis</strong></span> <span class='ocrx_word' id='word_1_312' title='bbox 1585 4821 1624 4882; x_wconf 89' lang='lat' dir='ltr'><strong><em>ut</em></strong></span> <span class='ocrx_word' id='word_1_313' title='bbox 1644 4814 1789 4901; x_wconf 83' lang='lat' dir='ltr'><strong><em>Apellen.</em></strong></span> <span class='ocrx_word' id='word_1_314' title='bbox 1811 4815 1859 4882; x_wconf 89' lang='lat' dir='ltr'><strong><em>De</em></strong></span> <span class='ocrx_word' id='word_1_315' title='bbox 1879 4823 1960 4902; x_wconf 74' lang='lat' dir='ltr'><strong>synt.</strong></span> <span class='ocrx_word' id='word_1_316' title='bbox 2003 4812 2085 4886; x_wconf 77' lang='grc' dir='ltr'><strong><em>Ἀντδ</em></strong></span> 
     </span>
     <span class='ocr_line' id='line_1_24' title="bbox 245 4909 941 5010; baseline 0.023 -36"><span class='ocrx_word' id='word_1_317' title='bbox 245 4913 365 4982; x_wconf 79' lang='grc' dir='ltr'><strong><em>κοινοῦ</em></strong></span> <span class='ocrx_word' id='word_1_318' title='bbox 387 4909 611 5001; x_wconf 73' lang='grc' dir='ltr'><strong><em>λαμβάνωσιν</em></strong></span> <span class='ocrx_word' id='word_1_319' title='bbox 632 4915 653 5008; x_wconf 72' lang='grc' dir='ltr'><strong><em>ρ’</em></strong></span> <span class='ocrx_word' id='word_1_320' title='bbox 675 4914 780 5006; x_wconf 73' lang='grc' dir='ltr'><strong><em>ὄνομα</em></strong></span> <span class='ocrx_word' id='word_1_321' title='bbox 802 4913 823 5008; x_wconf 74' lang='grc' dir='ltr'><strong><em>ἢ</em></strong></span> <span class='ocrx_word' id='word_1_322' title='bbox 844 4920 941 5010; x_wconf 73' lang='grc' dir='ltr'><strong><em>ῥῆμα.</em></strong></span> 
     </span>
    </p>

    <p class='ocr_par' dir='ltr' id='par_1_6' title="bbox 1862 5046 1877 5106">
     <span class='ocr_line' id='line_1_25' title="bbox 1862 5046 1877 5106; baseline 0 0"><span class='ocrx_word' id='word_1_323' title='bbox 1862 5046 1877 5106; x_wconf 89' lang='lat' dir='ltr'>l</span> 
     </span>
    </p>
   </div>
   <div class='ocr_carea' id='block_1_4' title="bbox 0 0 2321 5668">
    <p class='ocr_par' dir='ltr' id='par_1_7' title="bbox 0 0 2321 5668">
     <span class='ocr_line' id='line_1_26' title="bbox 0 0 2321 5668; baseline 0 0"><span class='ocrx_word' id='word_1_324' title='bbox 0 0 2321 5668; x_wconf 95' lang='lat' dir='ltr'><strong><em> </em></strong></span> 
     </span>
    </p>
   </div>
  </div>
 </body>
</html>
