4618 5678
1134 278 1159 368 3

1048 395 1248 407 -----

237 534 372 602 artifieia
397 533 574 618 promiscue
605 535 745 598 statuere
776 548 867 614 posse
895 527 956 594 sibi
986 527 1178 596 riderentur.
1222 525 1335 612 Itaque
1364 526 1484 596 factum
1514 535 1562 596 est
1592 535 1629 596 ut
1656 530 1738 596 mira
1763 530 1921 615 quaedam
1948 531 1987 600 de
2009 531 2058 599 bis

237 639 347 724 figuris
369 637 520 704 dissensio
542 637 681 702 oriretur
701 635 785 700 inter
805 634 889 700 viros
911 632 1020 700 doctos
1041 638 1075 698 et
1095 633 1246 716 autiquae
1268 633 1382 700 aetatis
1403 637 1437 699 et
1456 637 1637 700 nostrorum
1651 639 1839 720 temporum,
1860 634 1947 702 velut
1961 635 2057 702 iidem

238 763 347 808 versus
368 741 460 808 Hom.
484 739 575 806 Iliad.
597 739 621 805 L
645 741 708 806 580

439 837 538 929 simeo
558 837 621 930 γὰρ
643 835 673 906 κ’
693 837 851 926 ἐθέλῃσιν
871 831 1050 923 Ὀλύμπιος
1071 834 1303 928 ἀστεροπητής

440 943 475 1030 ἐξ
496 943 597 1012 ἑδέων
619 945 829 1032 στυφελίξαι,
852 937 871 1008 ὅ
893 939 956 1032 γὰρ
979 940 1069 1011 nolui
1092 936 1258 1032 φέρτατός
1279 941 1379 1025 ἐστιν,

240 1078 261 1121 a
282 1053 392 1120 Faesio
415 1072 472 1136 per
493 1049 739 1135 brachylogiam,
761 1047 803 1115 ab
827 1049 963 1114 Ameisio
986 1069 1044 1133 per
1066 1049 1273 1133 aposiopesin,
1296 1069 1316 1114 a
1338 1048 1485 1114 Passerio
1508 1045 1596 1135 (Lea
1614 1051 1633 1112 5
1655 1069 1728 1134 pag.
1752 1048 1828 1135 782)
1851 1053 1885 1115 et
1908 1047 2058 1134 Naegels-

239 1159 353 1226 bachio
376 1155 459 1243 (adr.
482 1155 532 1220 ad.
554 1155 585 1220 h.
607 1153 640 1241 l)
664 1175 723 1238 per
745 1151 868 1236 ellipsin
889 1151 1126 1236 intelleguntur.

391 1259 504 1342 ltaque
526 1279 597 1323 cum
619 1262 762 1341 opereat,
789 1257 848 1321 nisi
870 1255 1081 1321 diversissima
1102 1255 1186 1322 iuter
1207 1275 1241 1320 se
1263 1252 1401 1321 breviter
1422 1255 1548 1321 dicendi
1569 1275 1689 1340 genera
1717 1254 1817 1340 probe
1840 1253 2059 1334 ffisdueantur,

240 1365 320 1432 nihil
349 1362 467 1447 profici,
497 1361 681 1445 priusquam
711 1358 754 1426 ad
785 1380 852 1424 rem
883 1358 1070 1424 accedamus
1100 1359 1148 1424 sui
1171 1359 1284 1443 cuique
1315 1357 1437 1443 figurae
1464 1357 1543 1424 fines
1565 1357 1840 1426 circumscribendi
1862 1365 1936 1425 suut
1957 1379 2060 1443 neque

241 1467 320 1534 illud
341 1462 666 1551 praetermittendum,
689 1462 776 1547 quod
798 1462 1010 1542 Quintilianus
1032 1461 1140 1529 docuit
1161 1462 1237 1528 lust.
1259 1468 1340 1528 orat.
1362 1461 1418 1528 lll.
1447 1469 1472 1531 l.
1491 1469 1540 1542 14,
1562 1461 1697 1546 figuram
1720 1483 1787 1529 esse
1809 1470 1898 1530 arte
1920 1464 2060 1548 aliquam

241 1577 390 1638 novatam
411 1568 544 1634 formam
566 1566 699 1634 dicendi.

392 1675 494 1755 Atque
526 1671 675 1755 ellipsis
706 1675 754 1735 est
785 1670 910 1736 omissio
941 1670 1084 1736 vocabuli
1107 1670 1274 1736 necessarii
1301 1669 1429 1754 quidem
1456 1667 1499 1735 ad
1520 1669 1735 1754 integritatem
1758 1677 1993 1750 structurae,
2027 1677 2063 1738 at

240 1799 305 1845 non
327 1777 492 1842 nmessarii
515 1782 552 1841 ut
573 1775 765 1841 sententia
786 1775 911 1858 integra
931 1773 1146 1857 intellegatur.
1190 1772 1378 1859 Saepissime
1400 1775 1484 1838 enim
1506 1772 1551 1852 fit,
1581 1778 1618 1837 ut
1644 1773 1678 1837 in
1705 1795 1819 1840 manea
1841 1813 1884 1823 -
1907 1775 1932 1840 si
1955 1797 2061 1860 gram·

242 1884 389 1950 maticam
419 1880 521 1963 legem
551 1879 726 1963 respexeris
755 1915 798 1927 -
827 1883 988 1942 structura
1020 1876 1206 1962 planissima
1235 1877 1276 1943 sit
1297 1877 1455 1942 sententia
1476 1897 1579 1960 neque
1601 1875 1776 1960 quidquam
1799 1877 1980 1946 desiderare
2003 1879 2062 1945 sibi

242 1985 385 2052 videatur
407 1982 535 2050 auditor
555 1982 603 2047 vel
627 1983 734 2061 lector,
756 1982 906 2064 quoniam
928 1982 961 2045 iu
983 1980 1187 2073 quotidianae
1210 1981 1443 2048 consuetudinis
1465 2002 1557 2046 usum
1580 1979 1728 2046 abierunt
1749 1981 1887 2067 plurima
1908 1983 1941 2048 id
1963 2005 2062 2068 genus

241 2088 365 2157 dicendi
387 2086 540 2170 exempla.
585 2084 704 2151 Contra
725 2085 959 2170 grammaticus,
986 2105 1057 2150 cum
1079 2105 1147 2150 rem
1170 2084 1211 2150 ad
1234 2087 1473 2170 grammaticam
1494 2085 1718 2168 iutegritatem,
1748 2108 1830 2169 quae
1851 2087 2001 2171 postulat,
2027 2093 2064 2152 ut

241 2195 393 2275 cuiusque
415 2189 568 2256 enuntiati
591 2188 735 2255 membra
757 2189 864 2254 omnia
884 2209 923 2254 ac
943 2189 1036 2272 plene
1059 2188 1215 2268 dieantur,
1245 2210 1393 2256 revocare
1415 2187 1491 2266 vult,
1523 2188 1643 2272 aliquid
1665 2189 1772 2256 deesse
1792 2191 1924 2257 notabit.
1967 2191 2065 2257 Velut

241 2298 334 2364 haee:
367 2292 564 2375 „Habitabat
584 2315 641 2358 rex
669 2293 711 2360 ad
733 2293 819 2359 loris
841 2291 995 2358 Statoris“
1015 2292 1065 2358 vel
1087 2315 1235 2372 „manum
1262 2293 1302 2358 de
1328 2293 1476 2362 tabulai“
1506 2292 1587 2358 adeo
1611 2299 1703 2360 eraut
1724 2295 1854 2379 urlgata
1877 2301 1973 2383 atque
1996 2296 2063 2380 ipso

242 2423 302 2466 usu
330 2400 407 2464 trita
428 2397 571 2464 Romano
601 2398 730 2476 homini,
764 2403 801 2462 ut
831 2417 933 2480 neque
965 2396 1161 2463 desideraret
1191 2396 1364 2481 quidquam
1392 2403 1425 2463 et
1445 2397 1541 2481 plane
1562 2396 1760 2482 intelligeret,
1794 2399 1871 2482 quid
1899 2406 2064 2484 ageretur3

244 2502 385 2568 audienti
406 2501 503 2584 igitur
524 2522 586 2566 non
610 2502 713 2566 minus
735 2522 831 2584 quam
853 2501 969 2566 dicenti
991 2501 1061 2584 ipsa
1083 2521 1134 2567 res
1156 2522 1195 2567 ac
1215 2501 1372 2566 sententia
1394 2507 1464 2566 erat
1478 2501 1613 2585 integra,
1633 2523 1697 2567 uon
1712 2503 1836 2586 integra
1849 2505 2063 2588 grammatico.

244 2603 347 2672 Probe
368 2605 465 2688 igitur
486 2604 658 2671 tenendum
681 2613 737 2686 est,
760 2604 884 2690 ellipsin
905 2624 1009 2687 neque
1030 2625 1097 2670 esse
1119 2605 1179 2670 uisi
1202 2626 1273 2670 cum
1295 2605 1493 2670 desideretur
1514 2602 1646 2670 verbum
1668 2605 1796 2689 aliquod
1820 2607 1862 2673 ad
1876 2607 2065 2692 explendam

244 2715 435 2774 structuram
457 2709 676 2786 necessarium,
707 2709 757 2774 vel
782 2729 844 2774 vox
868 2708 1018 2788 „aedem“
1045 2709 1211 2793 suppletur
1235 2709 1288 2798 (sc.
1310 2731 1331 2776 a
1351 2707 1572 2794 grammatico)
1601 2708 1628 2774 si
1650 2704 1720 2792 quis
1742 2709 1858 2776 dixerit
1878 2711 2067 2790 „habitabat

243 2812 287 2879 ad
302 2812 388 2879 lovis
403 2809 566 2890 Statoris“,
588 2833 691 2896 neque
714 2811 783 2877 fieri
805 2833 904 2896 posse,
926 2811 986 2877 nisi
1009 2834 1080 2878 oum
1101 2813 1171 2897 ipso
1195 2831 1253 2878 usu
1276 2812 1521 2900 commendetur.
1565 2811 1631 2878 Nec
1652 2833 1727 2878 vero
1749 2814 1852 2878 minus
1874 2836 1970 2899 quam
1985 2836 2067 2898 quae

245 2939 285 2983 ex
307 2918 466 2982 communi
489 2919 629 2983 omnium
652 2938 711 2982 usu
733 2917 876 3001 profecta
898 2923 946 2981 est
968 2917 1085 3000 ellipsis
1106 2917 1183 2984 terri
1205 2919 1324 3002 poterit
1345 2939 1392 2994 ea,
1413 2937 1496 3000 quae
1513 2935 1551 2980 ex
1565 2916 1697 3000 propria
1712 2917 1862 3000 cuiusque
1877 2919 1940 2984 sive
1955 2924 2068 3003 poetae

244 3023 307 3086 sive
337 3021 498 3102 scriptoris
520 3027 637 3086 natura
663 3028 760 3103 atque
783 3019 890 3086 indole
910 3019 1065 3103 prodierit
1087 3027 1144 3086 aut
1165 3041 1223 3086 sua
1245 3027 1357 3104 sponte
1378 3025 1456 3089 nata
1477 3025 1534 3085 aut
1556 3019 1698 3086 consulto
1720 3021 1867 3100 admissa,
1901 3028 1939 3087 ut
1958 3023 2067 3089 rheto-

244 3125 330 3188 ricae
362 3123 417 3188 illa
448 3122 576 3208 quidem
608 3113 826 3189 consuetudini
848 3122 1018 3188 tribuenda
1040 3124 1087 3189 sit.
1134 3124 1241 3210 Longe
1263 3131 1370 3191 autem
1397 3124 1493 3190 ubam
1520 3144 1586 3188 esse
1609 3123 1742 3207 ellipsin,
1773 3123 1876 3202 abam,
1907 3123 2068 3208 adquam

245 3227 420 3292 transituri
439 3247 555 3304 sumus,
585 3233 778 3296 structuram
810 3246 892 3310 quae
921 3225 1036 3292 dicitur
1066 3221 1140 3291 α’πδ
1171 3227 1281 3293 κοινοῦ
1311 3226 1360 3293 vel
1387 3225 1461 3293 iude
1482 3233 1580 3312 patet,
1614 3226 1702 3312 quod
1731 3228 1765 3292 in
1794 3228 1856 3293 hac
1885 3250 1950 3295 uon
1981 3230 2070 3296 deest

245 3330 385 3408 verbum,
418 3329 474 3396 sed
505 3330 604 3408 adest,
636 3332 683 3396 ita
713 3337 820 3397 tamen
850 3330 948 3409 adest,
981 3337 1018 3397 ut
1049 3338 1105 3398 aut
1134 3332 1389 3416 semelpositum
1418 3330 1466 3396 bis
1493 3335 1581 3396 terve
1602 3330 1643 3395 sit
1664 3329 1918 3414 intellegendum,
1952 3339 2009 3398 aut
2030 3353 2070 3398 ex

244 3435 337 3500 simili
367 3434 416 3500 vel
443 3434 546 3500 forma
572 3434 620 3499 vel
640 3456 717 3500 voce
739 3436 848 3501 similis
870 3435 972 3502 forma
994 3437 1044 3505 vel
1066 3457 1126 3502 vox
1147 3435 1324 3520 supplenda
1345 3436 1394 3502 sit.
1437 3433 1507 3500 Hac
1529 3435 1562 3499 iu
1584 3454 1620 3499 re
1642 3433 1711 3500 fieri
1733 3440 1845 3517 potest,
1879 3441 1915 3502 ut
1937 3458 2008 3502 cum
2031 3458 2070 3503 ex

246 3537 368 3621 legibus
398 3539 611 3623 grammaticis
641 3540 748 3604 omnia
777 3541 903 3624 integra
924 3540 996 3617 siut,
1028 3561 1067 3605 ex
1097 3541 1254 3606 sententia
1284 3539 1473 3606 vocabulum
1499 3538 1669 3622 quoddam,
1703 3539 1790 3604 velut
1811 3540 1999 3607 adiectirum
2021 3543 2072 3608 vel

246 3640 438 3720 adverbium,
461 3641 671 3727 supplendum
693 3645 743 3722 sit,
765 3642 852 3728 quod
874 3665 945 3710 cum
967 3663 1031 3710 nou
1054 3646 1266 3711 necessarium
1288 3646 1329 3710 sit
1350 3644 1392 3711 ad
1411 3643 1626 3728 integritatem
1640 3649 1830 3722 suncturae,
1852 3645 1991 3730 suppleri
2006 3667 2071 3714 non

246 3751 351 3831 potest
372 3745 398 3810 si
419 3767 547 3830 prorsus
569 3753 617 3814 est
639 3749 787 3814 omissum
809 3749 832 3814 i:
854 3769 879 3813 a.
905 3748 993 3814 errius
1015 3748 1132 3832 ellipsis
1159 3750 1287 3815 omuino
1309 3770 1374 3815 non
1395 3746 1526 3813 ferenda
1549 3753 1609 3824 est;
1640 3753 1675 3813 at
1696 3749 1767 3831 quis
1789 3747 1920 3829 dubitet,
1942 3752 2072 3835 quinat

246 3850 311 3916 tale
333 3849 494 3932 quoddam
515 3852 549 3914 iu
570 3852 677 3918 animo
700 3853 766 3917 eius
789 3853 844 3936 qui
867 3850 944 3918 dicit
965 3851 1071 3918 valere
1093 3853 1200 3936 possit,
1229 3873 1424 3937 quamquam
1445 3852 1495 3916 vel
1515 3853 1549 3916 in
1570 3850 1667 3918 semel
1682 3851 1773 3917 dictis
1801 3854 1990 3937 acquiescat,
2012 3858 2071 3951 vel²

246 3975 318 4020 cum
340 3952 463 4018 animus
485 3953 549 4018 iam
570 3953 799 4038 adaequantia
820 3941 990 4040 praevolet,
1013 3977 1052 4022 ea
1073 3956 1207 4034 omittat,
1229 3956 1344 4022 omissa
1365 3957 1397 4020 in
1420 3954 1622 4038 sequentibus
1644 3957 1767 4038 ponat?
1798 3957 1840 4022 Et
1862 3956 1922 4024 hoc
1943 3960 2070 4042 quidem

247 4063 304 4123 aut
325 4077 364 4122 ex
386 4075 445 4121 usu
468 4062 501 4120 et
523 4058 747 4125 cousuetudine
769 4058 894 4125 dicendi
917 4058 985 4126 fieri
1008 4065 1121 4144 potest,
1143 4065 1200 4125 aut
1222 4059 1364 4126 consulto
1387 4081 1425 4126 ac
1445 4058 1622 4138 artificiose,
1645 4065 1682 4125 ut
1703 4061 1853 4127 orationis
1874 4059 2012 4129 brevitas
2027 4085 2066 4130 ac

247 4161 386 4246 gravitas
408 4166 574 4244 augeatur.

399 4263 558 4348 Sequitur,
581 4270 617 4330 ut
639 4265 678 4332 de
700 4287 737 4331 eo
760 4265 885 4332 dicendi
907 4287 1022 4350 genere
1036 4287 1138 4350 agam,
1162 4266 1283 4350 inquo,
1304 4288 1508 4352 quamquem,
1531 4267 1770 4352 grammaticam
1792 4267 1893 4350 legem
1907 4270 1933 4334 si
1947 4277 2070 4354 specta·

248 4369 337 4446 veriS,
370 4361 580 4454 supplendum
601 4370 643 4434 sit
664 4369 752 4448 nihil,
786 4371 856 4454 ipsa
876 4375 984 4435 tamen
1006 4389 1057 4434 res
1079 4370 1201 4448 doceat,
1234 4372 1267 4435 iu
1294 4391 1392 4436 unum
1415 4377 1595 4438 contractas
1617 4393 1685 4438 esse
1707 4370 1787 4437 duas
1808 4372 1872 4437 sire
1894 4393 1985 4440 voces
2006 4377 2070 4442 sive

250 4471 400 4553 notiones,
430 4494 566 4556 quarum
587 4473 690 4539 altera
713 4495 752 4540 ex
774 4474 811 4540 iis
834 4495 916 4558 quae
937 4472 1141 4558 praecedunt,
1174 4475 1362 4542 arcessenda
1387 4475 1436 4554 sit,
1470 4476 1567 4542 veluti
1594 4473 1681 4560 quod
1708 4475 1742 4540 iu
1763 4472 1863 4540 Iliade
1891 4482 1940 4541 est
1961 4477 1996 4545 P.
2020 4485 2072 4548 51.

249 4565 350 4658 κόμαι
379 4577 568 4664 χαρίτεσσιν
599 4570 728 4661 ὁμοῖαι,
760 4582 896 4663 apparet
926 4577 1045 4643 dictum
1072 4597 1138 4643 esse
1165 4600 1223 4662 pro
1250 4566 1352 4662 κόμαι
1378 4579 1523 4667 χαρίτων
1550 4567 1673 4661 κόμαις
1695 4569 1821 4659 όμσῖαι.
1873 4577 1943 4646 Hoc
1972 4603 2071 4650 unum

251 4699 361 4762 genus,
395 4699 457 4762 quo
479 4683 581 4766 magis
603 4682 804 4766 seiungerent
825 4704 846 4748 a
868 4683 1075 4766 grammatica
1097 4683 1207 4766 elhpsi,
1229 4682 1359 4750 fuerunt
1378 4685 1434 4768 qui
1455 4681 1742 4768 brachylogiam
1763 4689 1922 4764 vocarent,
1952 4686 1990 4753 et.
2011 4689 2069 4756 Ad.

249 4782 301 4846 Fr.
324 4781 435 4860 Akeni,
468 4785 568 4868 patris
589 4785 661 4865 mei,
693 4786 933 4870 grammaticam
954 4791 1232 4872 graecamque,
1254 4788 1310 4872 qui
1331 4795 1448 4868 tamen,
1478 4773 1824 4870 quadriaetanus
1845 4787 1992 4876 χαρίτων
2013 4813 2072 4878 per

250 4885 383 4971 ellepsiu
403 4885 465 4952 dici
486 4889 617 4968 monmt,
648 4890 682 4957 id
704 4891 805 4958 solum
828 4893 902 4978 egit,
931 4897 970 4960 ut
1000 4891 1076 4977 quid
1099 4891 1250 4960 differant
1271 4891 1395 4980 ellepsis
1417 4899 1450 4960 et
1470 4890 1677 4976 brachylogia
1698 4889 1813 4956 eodum
1835 4895 1979 4981 exemplo
1997 4897 2071 4963 illu-

1827 5010 1869 5076 18
