4618 5678
382 741 634 872 Thenete,
677 740 865 857 welche
901 738 956 852 in
993 739 1107 851 dem
1146 737 1434 875 Schuljehre
1471 737 1782 852 condatem
1818 735 1942 850 1883

583 916 660 1032 bis
696 915 1033 1032 6010111884
1068 915 1340 1031 1001101101
1374 916 1577 1029 worden
1613 915 1735 1027 siud.

729 1204 781 1288 A.
822 1201 914 1288 rur
941 1203 1014 1288 dle
1040 1203 1340 1288 lateinischcn
1367 1201 1593 1288 4111011110.

416 1423 445 1467 a.
479 1400 522 1467 Ia
547 1399 742 1484 obeprtma.
792 1400 823 1482 1)
846 1399 899 1464 De
925 1397 1028 1486 primo
1050 1397 1106 1484 qni
1129 1397 1245 1464 dicitur
1266 1395 1478 1462 triumviratu.
1526 1397 1559 1480 2)
1581 1396 1819 1483 Argumentum
1841 1395 1972 1463 Horatii
1994 1395 2069 1464 libri

256 1507 351 1596 primi
382 1506 528 1576 carminis
558 1505 661 1595 primi.
736 1506 770 1589 3)
802 1503 914 1572 Oratio
952 1503 1095 1571 Arminii
1133 1503 1311 1571 Cheruscos
1348 1501 1390 1568 ad
1422 1525 1510 1568 arma
1541 1501 1739 1569 concitantis.
1814 1504 1849 1588 4)
1880 1502 2069 1570 Alexander

256 1614 396 1702 Magnus
425 1611 684 1702 Hellespontum,
719 1611 836 1679 Caesar
867 1611 1069 1678 Rubiconem
1099 1617 1323 1698 transgressus.
1382 1607 1416 1692 5)
1448 1608 1643 1696 Thrasybuli
1675 1614 1707 1676 et
1738 1608 1913 1698 Pelopidae
1943 1609 2067 1698 patriae

256 1719 438 1789 liberandae
466 1719 599 1788 consilia
621 1717 753 1787 Graecis
776 1717 916 1785 fraterne
946 1741 1013 1785 asse
1042 1718 1119 1785 visa.
1166 1719 1200 1802 6)
1227 1717 1365 1782 Romam
1396 1716 1507 1782 urbem
1534 1716 1692 1782 Romulus
1724 1715 1875 1797 condidit,
1913 1715 2069 1784 Camillus

255 1821 402 1910 restitnit,
439 1827 551 1894 Cicero
574 1825 712 1896 servavit
734 1823 1034 1912 (Klassenaufsatz).
1082 1826 1115 1908 1)
1140 1823 1264 1910 Quibus
1295 1821 1495 1912 potissimum
1518 1821 1620 1889 causis
1643 1822 1809 1890 Hannibal
1832 1822 1987 1890 adductus
2010 1829 2067 1902 est,

259 1941 296 2003 ut
316 1934 446 2002 Italiam
468 1932 619 2013 exercitu,
643 1954 711 2000 non
733 1933 868 2000 navibus
890 1931 1124 2021 aggrederetur.
1171 1931 1204 2014 8)
1227 1928 1502 1996 Klassenaufsatz.

419 2079 445 2144 b.
469 2077 513 2143 Ia
540 2075 752 2159 Ueterem.
802 2077 833 2159 1)
866 2074 992 2161 Quibus
1023 2067 1118 2140 rebus
1150 2071 1290 2139 cernitur
1321 2073 1541 2138 Romanorum
1571 2072 1767 2160 magnitudo.
1823 2074 1857 2158 2)
1890 2073 1964 2160 Quo
1995 2075 2069 2161 jure

257 2184 370 2252 Livius
401 2182 533 2262 bellum,
566 2180 652 2269 quod
673 2180 858 2250 Hannibale
890 2180 970 2248 duce
1000 2178 1282 2267 Carthaginienses
1309 2202 1381 2245 cum
1406 2179 1526 2267 populo
1548 2179 1696 2245 Romano
1724 2186 1898 2266 gesserunt,
1931 2180 2069 2247 maxime

259 2291 402 2359 omnium
416 2287 622 2354 memorabile
637 2287 727 2370 dixit,
752 2311 835 2376 qnae
856 2310 997 2375 unquam
1018 2293 1107 2376 gesta
1130 2291 1214 2353 sunt.
1261 2287 1295 2370 3)
1319 2283 1474 2352 Graeciae
1498 2285 1642 2352 civitates
1661 2285 1738 2352 dnm
1752 2286 1907 2375 imperare
1923 2286 2069 2374 singulae

260 2397 403 2485 cupiunt,
435 2394 604 2482 imperium
636 2417 746 2462 omnes
773 2395 989 2484 perdiderunt.
1035 2397 1069 2479 4)
1094 2392 1420 2460 Lacedaemoniorum
1451 2391 1485 2456 in
1508 2391 1731 2481 Thermopylis
1762 2399 1795 2460 et
1822 2393 1996 2460 Fabiorum
2028 2393 2069 2460 ad

260 2502 442 2570 Cremeram
464 2500 567 2568 exitrrs
588 2500 673 2568 inter
694 2525 728 2568 se
755 2508 977 2590 comparantur
1000 2499 1297 2584 (Klessenaufsatz).
1343 2501 1377 2584 5)
1394 2500 1482 2570 1010
1496 2498 1524 2566 01
1538 2500 1686 2566 volumus
1705 2499 1859 2587 judicare,
1882 2502 2003 2568 multae
2018 2523 2069 2568 res

260 2607 450 2675 exstiterrmt
479 2608 619 2675 urbanae
646 2609 782 2696 majores
809 2608 1020 2697 clarioresque
1047 2631 1143 2696 quam
1166 2607 1322 2695 publicae.
1369 2607 1402 2690 6)
1426 2604 1532 2691 Quem
1555 2605 1739 2674 inconstans
1761 2607 1804 2674 sit
1824 2607 1962 2689 10110110,
1996 2630 2069 2674 cum

259 2715 315 2782 alii
337 2720 407 2781 tum
428 2715 482 2781 vel
504 2714 641 2780 maxime
664 2713 832 2782 Hannibal
854 2715 944 2781 testis
976 2719 1032 2782 est.
1089 2716 1122 2798 7)
1154 2714 1207 2780 De
1230 2712 1349 2781 Solone
1379 2717 1411 2779 et
1433 2712 1661 2792 Themistocle,
1694 2713 1872 2802 praecipuis
1905 2715 2069 2804 potentiae

258 2827 354 2910 atquc
382 2821 503 2910 gloriae
525 2822 777 2889 Atheniensium
804 2822 994 2890 auctoribus.
1041 2823 1074 2906 8)
1102 2819 1168 2905 Qui
1190 2821 1409 2887 Romanorum
1440 2821 1548 2887 hostes
1579 2819 1695 2887 infesto
1718 2821 1916 2888 exercituin
1939 2822 2069 2889 Italiam

255 2928 437 2998 invaserint.
485 2927 784 3013 (Klassenaufsetz).

418 3093 441 3138 c.
465 3070 509 3136 Ia
536 3071 759 3138 Obcraccucdc.
810 3071 840 3154 1)
862 3071 992 3137 Laudes
1014 3069 1152 3137 Solonis.
1199 3071 1232 3154 2)
1256 3068 1395 3135 Romani
1422 3069 1582 3155 quomodo
1606 3069 1852 3157 Tarquiniorum
1873 3070 2012 3160 impetus
2033 3071 2068 3138 in

258 3174 486 3264 rempublicam
508 3175 607 3243 factos
629 3177 833 3267 reppulerint.
879 3179 912 3262 3)
937 3178 1029 3264 Quae
1052 3200 1146 3243 causa
1167 3175 1265 3243 fuerit
1286 3176 1373 3265 plebi
1394 3175 1510 3242 iterum
1531 3175 1567 3241 in
1589 3183 1729 3243 montem
1751 3200 1874 3244 sacrum
1890 3179 2067 3246 secedendi.

255 3283 290 3368 4)
313 3281 483 3368 Quomodo
497 3282 714 3350 Athenienses
735 3289 807 3371 post
829 3289 953 3372 captam
975 3308 996 3351 a
1011 3282 1272 3351 Lacedaemoniis
1300 3283 1411 3348 urbem
1424 3282 1605 3349 libertatern
1621 3284 1885 3373 recuperaverint.
1932 3287 1966 3370 5)
1990 3285 2068 3354 Solo

257 3395 289 3456 01
305 3387 450 3457 Croesus.
499 3392 531 3474 6)
556 3388 643 3474 Quid
658 3389 848 3478 Pompejum
871 3391 1041 3460 commovit
1064 3397 1100 3458 ut
1123 3414 1195 3457 cum
1212 3389 1347 3457 Caesare
1363 3396 1395 3456 01
1411 3389 1526 3456 Crasso
1541 3389 1679 3478 primum
1694 3391 1929 3460 triumuiratum
1951 3391 2068 3459 11111011

759 3677 810 3760 n.
846 3673 938 3760 rur
965 3675 1038 3760 ue
1066 3675 1309 3762 deutschen
1335 3633 1562 3762 auresue.

417 3891 446 3936 o.
477 3869 521 3934 Ia
547 3869 740 3954 Oberprimc.
791 3873 821 3956 1)
845 3869 906 3940 110
933 3869 1057 3937 consilii
1085 3893 1196 3958 expers
1223 3872 1308 3936 mole
1334 3870 1400 3937 ruit
1426 3895 1492 3938 sua.
1539 3872 1573 3955 2)
1603 3871 1719 3960 Erregt
1741 3873 1973 3942 Wallensteins
1996 3874 2068 3941 Tod

257 3974 292 4039 in
324 3972 380 4040 der
412 3973 647 4043 Sehillerschen
674 3976 816 4065 Trilogie
849 3976 1023 4064 tregisches
1053 3976 1202 4043 Mitleid‘?
1234 3976 1414 4062 (Klausur.)
1459 3979 1494 4062 3)
1525 3980 1605 4045 Was
1638 3978 1682 4044 du
1715 3981 1820 4048 ererbt
1854 4004 1918 4048 von
1951 3981 2067 4049 deineu

255 4079 380 4151 vetem
402 4082 485 4162 hast,
509 4082 636 4150 Erwirb
660 4107 703 4164 es,
727 4108 782 4150 um
805 4107 839 4151 es
861 4109 902 4150 au
924 4083 1081 4150 besitzenl
1128 4084 1162 4168 4)
1185 4082 1344 4151 Didicisse
1366 4084 1504 4151 fideliter
1526 4090 1617 4166 artes,
1640 4085 1776 4153 Emollit
1794 4110 1898 4156 mores
1917 4111 1976 4155 nec
1991 4088 2067 4154 sinit

255 4210 325 4255 esse
346 4187 440 4255 10100.
487 4189 521 4273 5)
546 4190 703 4257 Welchcn
724 4190 867 4257 Eiutluss
889 4192 989 4258 r'ibten
1012 4190 1063 4256 die
1085 4190 1345 4278 Entdeclrungen
1366 4215 1418 4257 em
1433 4189 1607 4279 Ansgange
1630 4191 1686 4260 des
1701 4193 1904 4261 Mittelalters
1926 4195 1985 4262 anf
2004 4195 2066 4262 den

257 4293 351 4362 Geist
380 4294 437 4362 der
460 4295 752 4364 ebendlandischen
773 4297 996 4364 Mensohheit‘?
1042 4299 1076 4381 6)
1100 4296 1180 4364 Wes
1204 4296 1317 4364 Cicero
1347 4296 1392 4364 im
1415 4296 1532 4365 Orator
1562 4300 1704 4366 versteht
1734 4305 1828 4367 unter
1859 4301 1915 4368 der
1945 4303 2066 4390 specics

257 4399 376 4488 optima
398 4406 431 4469 et
452 4402 544 4490 qnasi
565 4405 667 4491 figura
689 4402 815 4470 dicendi
837 4405 899 4470 soll
917 4403 977 4470 mit
991 4402 1187 4491 Benutzung
1206 4404 1262 4471 des
1277 4403 1511 4472 Schillerschen
1529 4404 1702 4474 Gedichtes
1722 4406 1830 4473 ›ldeel
1848 4407 1917 4473 und
1931 4408 2062 4477 Lebene

257 4505 409 4574 erlautert
438 4509 575 4577 werden.
623 4513 656 4595 7)
686 4509 945 4578 Geschichtliche
967 4511 1158 4598 Bedeutung
1184 4511 1239 4578 des
1265 4511 1519 4600 siebeujahrigen
1541 4514 1679 4600 Krieges
1711 4514 1889 4602 (Klarrsur).
1937 4517 1970 4600 8)
1993 4516 2067 4585 Nur

256 4609 329 4678 dem
351 4613 460 4696 Hmst,
483 4615 546 4683 den
568 4617 664 4684 hcine
686 4616 786 4684 Mr'lho
808 4616 957 4698 bleichet‚
981 4617 1127 4685 Rauscht
1149 4617 1205 4684 der
1227 4618 1397 4685 Wehrheit
1419 4618 1481 4686 1101
1499 4621 1693 4686 verstcckter
1713 4619 1815 4688 Born.

417 4757 443 4824 b.
476 4759 519 4824 Ia
547 4759 757 4844 Uatcrpcimo.
806 4760 838 4845 1)
865 4759 960 4826 ›Wie
982 4760 1017 4828 in
1040 4760 1103 4828 den
1116 4761 1238 4828 Li'rften
1262 4761 1318 4828 der
1333 4761 1532 4830 Sturmwind
1553 4767 1649 4844 saust‚
1673 4762 1751 4829 Man
1773 4763 1865 4832 weiss
1879 4764 1978 4850 nieht,
2003 4790 2066 4836 ron

256 4883 393 4929 wannen
415 4886 450 4931 er
471 4864 594 4935 lrommt
616 4866 683 4934 und
705 4867 823 4950 braust,
847 4866 925 4934 Wis
947 4866 1004 4934 der
1027 4867 1125 4954 Quell
1148 4891 1204 4935 aus
1220 4869 1439 4956 verborgenen
1453 4867 1577 4936 Tiefen:
1600 4867 1645 4937 So
1668 4868 1724 4936 des
1740 4869 1879 4961 Sangers
1901 4873 1984 4940 Lied
2006 4897 2065 4941 eus

254 4967 327 5036 dem
349 4968 472 5038 Innern
495 4973 641 5042 schallt«.
688 4976 723 5060 2)
746 4960 833 5043 llber
856 4973 919 5042 den
941 4974 1067 5064 Begriff
1087 4975 1208 5043 ›Sitte‹
1234 4975 1302 5042 und
1325 4975 1388 5044 den
1402 4975 1616 5044 Unterschied
1638 4977 1803 5048 desselben
1825 5002 1890 5048 von
1912 4981 1974 5048 den
1996 4980 2065 5047 ihm
