4618 5678
1198 253 1223 342 5

1106 369 1307 382 -ι----ἦ

293 511 398 592 potest
419 504 479 572 uisi
500 524 559 590 per
580 502 690 570 vitium
712 502 884 586 scriptoris,
911 497 967 565 sed
994 501 1136 582 quemvis
1157 523 1271 568 manca
1296 503 1338 569 sit
1363 508 1532 580 structura,
1559 503 1651 588 plene
1679 503 1875 588 exprimitur,
1903 507 1939 570 ut
1966 503 2121 588 quidquid

294 611 428 697 scriptor
446 607 617 695 significari
638 605 774 674 voluerit
795 627 816 672 a
836 605 955 672 lectore
976 601 1077 687 probe
1098 605 1310 691 intellegatur.

447 715 516 780 lam
539 709 707 778 redeamus
734 709 777 776 ad
799 729 907 776 versus
922 707 1118 774 Homericos:
1141 701 1240 798 εἴπερ
1263 703 1326 799 γὰρ
1348 709 1419 774 κτλ.
1464 711 1607 796 Apparet
1628 708 1852 794 brachylogiae
1865 710 1939 798 (uisi
1953 711 2035 778 forte
2050 715 2116 778 tam

294 821 358 887 late
380 823 492 904 patere
514 814 651 882 volueris
672 813 733 880 hoo
754 834 879 894 nomen,
912 833 1005 879 omne
1031 810 1227 880 utbreviter
1256 812 1381 880 dicendi
1408 835 1506 899 genus
1534 835 1572 881 eo
1595 814 1806 894 contineatur)
1833 835 1896 880 non
1924 835 1992 881 esae
2014 815 2120 882 locum

293 925 327 989 in
349 923 410 990 hoc
431 917 679 1004 commparato,
708 917 859 1001 quoniam
881 922 939 983 aut
960 917 1062 1001 legem
1083 920 1325 1001 grammaticam
1346 918 1466 985 laesam
1490 940 1556 986 esse
1579 917 1814 986 concedendum
1838 923 1894 997 est,
1924 940 2008 1002 quae
2029 941 2119 986 suam

295 1029 408 1110 cruque
428 1025 550 1111 protasi
572 1020 723 1106 efflagitet
745 1020 908 1107 epodosin,
935 1027 993 1086 aut
1014 1021 1205 1087 senteutiam
1226 1043 1291 1088 non
1314 1043 1380 1088 esse
1403 1022 1591 1100 absolutam,
1620 1028 1761 1106 atquae
1783 1021 1848 1088 alia
1868 1021 1910 1087 sit
1931 1023 1965 1088 in
1986 1025 2118 1108 protasi,

294 1132 413 1199 absin
435 1127 575 1214 epodosi.
619 1124 686 1191 Nec
707 1146 781 1192 vero
809 1125 1007 1209 aposiopesin
1030 1131 1104 1209 apte
1126 1127 1285 1204 statueris,
1312 1127 1463 1209 quoniam
1485 1127 1570 1211 quod
1594 1131 1795 1210 exspectatur
1817 1124 1859 1192 ab
1881 1126 2030 1194 audiente
2053 1149 2118 1194 non

294 1238 428 1314 tacetur,
461 1230 517 1298 sed
546 1230 698 1314 sequitur,
731 1249 926 1314 quamquam
955 1233 1080 1294 mutata
1111 1230 1352 1308 constructione,
1385 1231 1547 1316 nihiloque
1574 1231 1674 1316 magis
1702 1230 1842 1314 ellepsin,
1876 1231 2027 1313 quoniam
2054 1252 2120 1298 nou

293 1357 423 1424 prorsus
446 1357 485 1402 ea
506 1335 628 1413 dosunt,
650 1353 734 1418 quae
756 1332 987 1409 desiderantur,
1009 1333 1065 1398 sed
1086 1333 1188 1400 latent
1208 1335 1243 1399 in
1264 1333 1367 1400 verbis
1391 1327 1480 1401 πολύ
1503 1327 1668 1422 φέρτατός
1689 1331 1788 1400 ἐστιν.
1833 1333 1916 1411 Quid
1931 1337 2013 1401 enim
2029 1335 2119 1401 aliud

294 1441 363 1509 vult
383 1440 462 1508 illud
485 1426 505 1504 ‘d
525 1435 590 1526 γάρ
613 1434 703 1504 πολι)
725 1459 762 1524 φ.
785 1435 809 1502 e'.
831 1438 890 1504 uisi
913 1434 1022 1500 πάντα
1044 1429 1108 1524 γάρ
1131 1425 1280 1515 δύναται,
1312 1444 1349 1503 ut
1370 1439 1527 1504 sententia
1548 1438 1628 1504 haec
1649 1439 1702 1506 sit:
1732 1437 1766 1504 Si
1781 1438 1908 1522 Jupiter
1929 1438 2063 1504 fulmina
2084 1441 2119 1504 iu

294 1567 352 1614 nos
383 1546 525 1612 emittere
555 1541 648 1622 volet,
682 1543 810 1628 poterit,
835 1562 911 1607 nam
938 1541 1043 1606 omnia
1065 1545 1178 1624 potest.
1202 1541 1240 1608 cl
1262 1541 1416 1626 Paraphr.
1439 1542 1481 1608 ad
1503 1542 1534 1610 h.
1556 1541 1578 1609 l.
1600 1563 1639 1609 ac
1660 1541 1842 1608 Passovinm
1864 1542 1887 1609 l.
1908 1540 1939 1620 1,
1969 1543 2023 1626 qui
2046 1564 2117 1608 cum

295 1638 467 1738 δυνήσεται
488 1647 623 1731 supplet,
652 1651 738 1713 recte
760 1645 888 1730 quidem
910 1644 1014 1710 locum
1037 1645 1182 1728 explicat,
1213 1666 1284 1711 cum
1308 1653 1415 1712 autem
1438 1645 1514 1712 dicit
1535 1645 1596 1711 hoc
1618 1645 1687 1711 fieri
1710 1666 1767 1728 per
1790 1644 1923 1728 ellipsin,
1954 1666 2018 1711 non
2040 1645 2119 1711 vidit

295 1755 381 1820 huno
401 1751 594 1836 „ellipticum
615 1754 726 1816 usum“
748 1770 815 1815 esso
836 1747 973 1832 figuram
995 1741 1066 1812 άπὸ
1088 1748 1211 1815 κοινοῦ.
1254 1749 1395 1816 Verbum
1418 1751 1512 1829 enim,
1534 1749 1620 1832 quod
1642 1748 1691 1814 bis
1712 1749 1895 1834 ponendum
1918 1756 1997 1828 erat,
2020 1749 2118 1816 semel

294 1858 431 1943 ponitur,
452 1860 613 1921 structura
635 1852 763 1937 quidem
784 1853 880 1920 laesa.
924 1849 974 1917 Ab
995 1852 1057 1918 hoo
1079 1853 1317 1938 anantapodoto
1339 1854 1403 1920 alia
1417 1860 1492 1920 suut
1506 1852 1723 1932 discernenda,
1748 1853 1781 1918 in
1806 1852 1920 1936 quibus
1936 1853 1986 1920 vel
2001 1853 2118 1939 ellipsis

294 1963 344 2028 vel
365 1958 557 2046 aposiopesis
578 1958 677 2023 statui
697 1962 811 2041 potest,
844 1954 931 2021 velut
952 1954 1069 2040 ellipsis
1091 1962 1122 2021 Z
1128 1979 1192 2035 rec,
1230 1956 1286 2022 ubi
1307 1950 1451 2023 ἄκουσον
1471 1956 1521 2022 vel
1544 1955 1628 2038 λέγω
1652 1975 1707 2022 σοι
1729 1951 1897 2023 anteibat
1919 1947 2022 2034 πόλις
2048 1958 2117 2025 κτλ.

294 2072 407 2150 sponte
429 2085 463 2129 se
484 2059 626 2148 praebet.
671 2060 825 2145 Apodosis
847 2065 955 2126 autem
977 2058 1032 2124 ubi
1054 2070 1118 2126 non
1139 2081 1197 2146 per
1218 2081 1251 2126 se
1273 2061 1468 2146 intellegitur
1481 2083 1540 2127 neo
1555 2083 1594 2127 ex
1608 2062 1717 2145 positis
1731 2059 1835 2126 verbis
1849 2060 1989 2145 suppleri
2004 2067 2117 2146 potest,

297 2169 355 2236 ssd
377 2165 507 2234 consilio
528 2163 668 2249 quodam
689 2164 854 2242 omittitur,
876 2169 914 2228 ut
935 2184 974 2228 ex
989 2162 1105 2230 affectu
1120 2165 1246 2249 gravius
1261 2166 1426 2238 sentiatur.
1448 2167 1639 2250 aposiopesis
1654 2164 1825 2230 statuenda
1840 2171 1887 2230 est
1902 2165 1990 2231 velut
2004 2165 2041 2232 A.
2052 2190 2116 2232 iss.

443 2270 512 2335 Iam
533 2267 706 2347 videamus,
738 2271 793 2350 qui
820 2266 881 2332 loci
903 2266 990 2352 apud
1012 2267 1174 2333 Catullum
1195 2267 1355 2334 Tibullum
1378 2268 1578 2355 Propertium
1604 2274 1714 2354 poetas
1745 2267 1787 2335 ad
1810 2275 1952 2334 nostrum
1974 2275 2117 2354 spectent

292 2369 363 2439 dard
395 2371 506 2438 κοινοῦ
535 2372 671 2439 schema
714 2371 895 2455 Disputatio
926 2377 1033 2436 autem
1064 2370 1144 2438 haec
1174 2371 1323 2439 facillime
1356 2372 1507 2438 dividitur
1537 2374 1571 2438 in
1592 2381 1700 2458 partes
1723 2372 1816 2438 duas:
1854 2373 1957 2440 altera
1980 2381 2054 2458 aget
2075 2375 2116 2441 de

293 2474 422 2544 vocibus
461 2497 500 2542 ex
538 2477 576 2540 iis
606 2497 689 2558 quae
726 2474 930 2559 praecedunt,
980 2474 1082 2540 altera
1113 2473 1153 2540 de
1183 2474 1311 2541 vocibus
1343 2497 1381 2542 ex
1416 2477 1454 2542 iis
1483 2498 1566 2560 quae
1599 2484 1775 2562 sequuntur
1804 2477 1991 2561 repetendis.
2036 2475 2116 2544 Cum

292 2587 399 2648 autem
411 2585 568 2665 appareat
578 2579 679 2645 multo
694 2579 816 2645 facilius
831 2579 971 2665 suppleri
985 2599 1067 2663 quae
1082 2579 1147 2644 iam
1162 2578 1247 2645 dicta
1260 2585 1343 2656 suut,
1358 2601 1455 2664 quam
1470 2583 1615 2666 anteoapi
1631 2603 1713 2666 quae
1728 2587 1911 2664 sequantur,
1926 2603 2059 2665 eamque
2074 2581 2115 2648 ob

290 2708 359 2753 rem
381 2685 474 2770 longe
496 2685 649 2751 maiorem
671 2704 737 2750 esse
759 2705 927 2750 numerum
949 2683 1063 2767 prioris
1085 2683 1217 2766 generis,
1247 2682 1333 2766 quod
1358 2683 1424 2749 iere
1445 2685 1479 2750 in
1502 2685 1720 2768 quotidianam
1747 2686 2005 2752 consuetudinem
2027 2684 2115 2765 abiit,

295 2791 523 2877 exemplorum:
547 2810 586 2856 ex
608 2789 694 2856 hisce
715 2787 853 2855 sufficiat
875 2786 1017 2854 attulisse
1039 2807 1122 2870 quae
1144 2787 1296 2852 memoria
1318 2786 1415 2872 digna
1436 2793 1519 2855 sunt

440 2896 554 2979 ltaque
574 2916 646 2961 cum
668 2896 806 2979 primum
820 2891 979 2978 agendum
999 2891 1040 2956 sit
1058 2889 1098 2956 de
1113 2889 1240 2956 vocibus
1260 2911 1300 2956 ex
1318 2891 1357 2956 iis
1377 2913 1459 2976 quae
1480 2892 1676 2977 praecedunt
1697 2885 1768 2957 α’πδ
1792 2894 1901 2960 κοινοῦ
1922 2893 2116 2978 supplendis,
2166 2957 2168 2964 .

290 3005 365 3085 apte
380 2999 524 3066 videmur
547 3021 568 3066 a
589 2999 701 3066 verbi
723 3021 783 3065 usu
803 2996 959 3083 proficisci
980 3015 1081 3080 posse,
1103 3016 1166 3079 quo
1188 2995 1285 3060 totius
1306 2997 1482 3063 sententiae
1498 2997 1543 3062 vis
1558 2997 1670 3062 nititur
1691 3017 1729 3062 ao
1744 2998 1923 3063 continetur
1938 2998 2114 3082 omissaque

290 3123 399 3169 eorum
415 3102 631 3187 exemplorum
646 3102 857 3181 multitudine,
879 3121 962 3184 quae
977 3098 1020 3166 ad
1038 3119 1234 3164 communem
1250 3119 1395 3165 normam
1410 3099 1573 3178 accedunt,
1596 3120 1649 3166 eos
1664 3100 1748 3166 locos
1770 3100 1976 3184 proferemus,
1998 3100 2114 3186 quibus

290 3213 347 3273 aut
367 3208 452 3274 idem
467 3205 599 3272 verbum
613 3206 663 3271 vel
685 3205 795 3272 durius
817 3203 1029 3289 supplendum
1050 3203 1099 3281 sit,
1123 3201 1171 3268 vel
1194 3200 1236 3268 ab
1259 3223 1296 3268 eo
1318 3202 1460 3268 diversae
1479 3205 1726 3270 constructiones
1746 3204 1907 3288 pendeant
1920 3205 1972 3294 (ci.
1985 3205 2114 3283 Quintil.

288 3310 364 3376 Inst.
387 3315 466 3376 orat
490 3309 537 3374 IX
561 3315 589 3376 3.
613 3308 677 3396 62.)
701 3315 758 3374 aut
779 3309 880 3375 simile
901 3307 1062 3392 quoddam
1084 3305 1215 3372 verbum
1239 3329 1278 3372 ex
1299 3307 1510 3391 praecedente
1534 3307 1728 3392 suppleatur.

439 3412 529 3479 Idem
549 3412 682 3478 verbum
710 3411 819 3478 durius
841 3410 1051 3496 supplendum
1079 3410 1184 3476 omisit
1206 3409 1450 3476 Tibullus-13¹
1473 3413 1625 3498 (numeris
1647 3419 1720 3478 utor
1741 3412 1775 3478 L.
1800 3411 1944 3479 Muellsri
1967 3413 2113 3481 editionis

288 3515 434 3603 Teubo.):

639 3617 730 3684 Ibitis
752 3618 895 3704 Aegaeas
917 3619 984 3684 sine
1006 3639 1057 3684 me
1080 3617 1217 3683 Messala
1238 3639 1296 3702 per
1318 3617 1430 3696 undas,

645 3722 671 3788 0
693 3723 817 3810 utinam
839 3743 993 3788 memores
1015 3723 1081 3806 ipse
1104 3721 1278 3805 cohorsque
1301 3722 1377 3787 mei:

286 3823 343 3889 ubi
365 3823 502 3890 alterum
524 3826 617 3892 colon
637 3826 850 3911 supplendum
872 3832 920 3892 est
940 3825 1124 3910 praedicato
1145 3825 1274 3903 ‚,eatis“,
1297 3831 1329 3890 et
1351 3823 1579 3890 eonferendum
1601 3824 2033 3910 Cic.ep.adFam.X1125,
2058 3835 2109 3894 ¹10:

287 3949 384 4012 quam
407 3929 546 4017 (narem)
568 3929 696 4012 quidem
717 3951 775 3998 nos
802 3930 916 3998 damus
942 3949 1081 4014 operam,
1112 3934 1149 3994 ut
1177 3934 1298 3994 rectam
1329 3932 1503 4008 teneams,
1534 3929 1656 3994 utinam
1685 3949 1837 4014 prospero
1868 3952 1971 4000 cursu
2015 3932 2110 4016 Apud

286 4031 430 4118 Propert
452 4031 484 4098 Π
509 4035 584 4098 1⁴⁴:

639 4133 815 4201 Enumerat
835 4136 925 4202 miles
946 4135 1085 4214 volnera,
1106 4139 1216 4219 pastor
1238 4156 1320 4215 oves,

638 4236 704 4304 Nos
726 4245 838 4306 contra
858 4246 993 4324 angusto
1015 4240 1169 4305 versantis
1190 4239 1313 4323 proelia
1334 4238 1426 4305 lecto.

437 4340 517 4406 nihil
543 4341 602 4406 uisi
629 4351 889 4420 „enumeramus“
915 4342 957 4409 ad
982 4363 1060 4422 „nos
1091 4349 1202 4409 contm
1234 4349 1312 4410 etc.“
1343 4343 1554 4427 supplendum
1585 4363 1653 4410 esse
1678 4350 1765 4430 puto,
1796 4365 1859 4428 quo
1885 4346 1987 4410 iocose
2013 4351 2110 4430 poeta

286 4464 344 4527 pro
374 4443 472 4512 serbo
502 4444 636 4511 canendi
667 4465 742 4510 usus
774 4451 829 4512 est
873 4445 984 4530 Neque
1014 4446 1169 4513 abstinuit
1198 4447 1259 4514 hoc
1289 4447 1385 4514 verbo
1413 4446 1570 4531 Vergilius
1591 4447 1667 4513 Aen.
1689 4447 1734 4513 IV
1761 4450 1825 4514 334
1849 4469 1926 4533 „ego
1951 4455 1993 4528 te,
2025 4471 2108 4534 quae

285 4546 422 4631 plurima
450 4548 547 4616 fando
578 4569 764 4616 enumerare
793 4549 906 4620 vales‘.
949 4550 988 4618 of.
1015 4556 1123 4618 tarum
1149 4551 1326 4636 Hertzberg
1353 4550 1396 4617 ad
1422 4551 1454 4618 b.
1474 4551 1495 4618 l
1516 4550 1565 4618 III
1591 4575 1622 4637 p.
1646 4555 1699 4620 84.

435 4653 504 4720 Tib.
535 4652 580 4720 IV
611 4655 670 4718 1⁵⁰
713 4653 862 4740 Undique
883 4655 1000 4739 quique
1023 4662 1138 4722 canent
1158 4657 1261 4723 vincto
1283 4654 1365 4739 pede
1386 4655 1504 4739 quique
1525 4655 1637 4722 soluto.

435 4756 594 4824 Disaenius
623 4758 657 4822 in
687 4757 748 4824 hoo
774 4779 867 4826 versu
891 4757 1110 4844 praedicatum
1137 4764 1290 4840 „canent“
1310 4781 1369 4844 per
1391 4779 1523 4843 zeugma
1550 4759 1645 4824 etiam
1667 4757 1709 4824 ad
1731 4757 1895 4826 historicos
1915 4761 2106 4828 translatum

286 4877 352 4924 esse
383 4859 550 4928 contendit
593 4859 662 4947 Ego
690 4861 818 4946 quidem
848 4870 927 4949 puto
957 4864 997 4931 de
1025 4865 1127 4950 poetis
1156 4863 1229 4931 solis
1256 4863 1327 4943 dioi,
1359 4865 1508 4947 quoniam
1534 4861 1637 4928 vincto
1663 4863 1745 4948 pede
1772 4885 1885 4931 canem
1912 4887 1976 4932 non
2002 4866 2106 4931 minus
